3499 5219
1639 426 1772 432 —---
1868 399 1941 459 10

926 566 1039 626 Hic
1083 567 1303 644 probra
1345 566 1530 626 multa
1570 567 1700 645 tuli,
1745 566 1884 626 dum
1928 585 2046 627 non
2092 566 2392 645 intelligor
2435 572 2562 651 11111,

1011 653 1265 729 Ignarus
1310 651 1569 730 linguae,
1616 652 1885 712 Vandale
1930 651 2107 730 83110,
2153 653 2359 727 111363)

926 739 1096 797 Dura
1137 737 1237 796 diu
1282 735 1478 795 renuit
1519 737 1748 813 positae
1794 737 2142 797 commercia
2187 756 2443 817 mensae,

1010 822 1268 882 Fercula
1311 821 1585 881 fortunae
1629 821 1730 882 dat
1773 826 1968 882 tamen
2010 826 2154 898 apta
2195 841 2359 899 suae,

931 908 1242 968 Lacteolos
1285 907 1481 967 silices
1508 911 1584 966 ·et
1628 908 1795 967 olens
1837 907 1898 967 in
1942 906 2109 967 faece
2153 908 2454 985 butyrum,

1018 993 1277 1069 Piraque
1320 991 1515 1051 vicino
1559 1010 1855 1070 pomaque
1898 997 2039 1052 nata
2080 991 2246 1053 loco:
2289 1042 2297 1050 .

926 1079 1072 1138 Inde
1120 1078 1242 1156 peti
1286 1080 1469 1137 strato
1512 1077 1677 1137 iubet
1720 1078 1837 1136 uda
1881 1077 2100 1138 cubilia
2143 1076 2337 1157 foeno,

1011 1161 1142 1236 Qua
1184 1163 1397 1239 procul
1440 1181 1476 1221 a
1520 1162 1745 1223 laribus
1788 1163 1993 1222 dissita
2037 1163 2210 1222 caula
2251 1163 2422 1224 iacet.

923 1248 1037 1308 Hie
1081 1266 1193 1325 ego
1237 1247 1373 1306 dum
1417 1249 1707 1307 recubans
1751 1248 2072 1307 insomnem
2114 1249 2379 1325 transigo
2425 1257 2671 1327 noctem,

1007 1335 1254 1411 Integra
1295 1332 1396 1390 vix
1440 1332 1597 1391 vitae
1642 1333 1890 1411 stamina
1933 1351 2107 1392 servo
2152 1351 2334 1393 meae.

916 1420 1190 1496 Namque
1234 1436 1415 1477 ruens
1460 1417 1665 1479 eadem
1708 1422 1942 1494 peteret
1985 1419 2123 1477 dum
2166 1422 2351 1479 strata
2397 1439 2506 1497 per
2551 1424 2745 1485 Albim

1004 1503 1168 1578 Quae
1213 1503 1364 1562 solet
1407 1504 1688 1562 arboreas
1732 1503 1951 1563 ducere
1996 1503 2173 1563 turba
2218 1509 2395 1582 rates,

922 1588 1060 1649 Sive
1104 1588 1365 1649 Bohema
1409 1588 1620 1651 cohors
1663 1606 1771 1648 seu
1816 1588 2104 1666 Vandala,
2149 1588 2274 1647 sive
2320 1591 2622 1659 calescens

1004 1674 1123 1751 Spe
1167 1673 1447 1750 praedae,
1495 1676 1668 1749 epoto
1713 1692 1819 1733 seu
1865 1673 2090 1732 furiosa
2132 1672 2333 1751 zytho,
2599 1664 2608 1683 ‘

920 1758 1002 1818 Vt
1045 1758 1227 1818 sensit
1271 1759 1459 1818 solum
1502 1758 1627 1817 sine
1673 1757 1985 1818 defensore
2029 1759 2336 1836 iacentem,

1004 1845 1161 1903 Ense
1205 1861 1360 1918 vago
1403 1843 1544 1901 tecti
1588 1843 1850 1919 perfodit
1893 1861 2061 1902 omne
2107 1843 2293 1902 latus:

918 1930 998 1989 Vt
1042 1928 1336 2004 qnondam
1378 1928 1726 2005 andabatae‚
1772 1929 1898 1988 sine
1942 1928 2095 2005 lege,
2140 1928 2266 1987 sine
2312 1929 2540 2007 ordine,
2588 1936 2750 1992 saevi

1002 2013 1297 2090 Ambigua
1339 2012 1565 2073 faciunt
1607 2013 1836 2090 praelia
1879 2031 2058 2072 caeca
2100 2031 2309 2090 manu3

917 2100 1094 2159 Nunc
1137 2116 1325 2175 prope
1371 2097 1660 2157 cervicem
1700 2098 1844 2157 mihi
1887 2098 2170 2157 stridulus
2213 2099 2447 2158 insonat
2488 2100 2659 2177 ictus,

1002 2184 1178 2243 Nunc
1219 2183 1478 2242 humeris
1522 2187 1683 2242 errat
1725 2185 1909 2260 plaga
1950 2182 2287 2260 propinqua
2329 2185 2489 2243 111618.

914 2268 1072 2343 'Quin
1119 2268 1292 2327 etiam
1335 2272 1471 2327 ante
1518 2268 1701 2345 pedes
1744 2267 1906 2327 ferro
1951 2268 2201 2344 vestigia
2243 2269 2520 2347 gliscunt,

1002 2354 1131 2412 Nec
1174 2354 1340 2413 locus
1384 2357 1621 2430 optatae
1667 2354 1838 2430 signa
1880 2353 1981 2412 dat
2024 2354 2149 2412 ulla
2193 2353 2402 2429 fugae:

918 2440 1135 2498 Fracta
1179 2440 1289 2498 sub
1333 2437 1601 2515 imposito
1646 2440 1836 2498 donec
1879 2438 2019 2497 mihi
2062 2438 2290 2515 pertica
2334 2438 2507 2499 foeno

1004 2524 1212 2602 Cessit,
1260 2527 1318 2583 et
1361 2523 1565 2600 effugii
1608 2524 1885 2601 praebuit
1926 2524 2123 2600 ampla
2163 2523 2335 2582 viam.

917 2608 1070 2670 Hinc
1114 2628 1353 2687 quoque
1398 2609 1677 2686 delapsus
1720 2609 1888 2678 vitali
1932 2609 2090 2669 haud
2134 2628 2412 2669 vescerer
2456 2628 2622 2690 aura,

1003 2696 1097 2755 Me
1143 2694 1256 2755 nisi
1296 2693 1496 2754 divina
1540 2713 1748 2754 caussa
1790 2695 2047 2755 levasset
2089 2713 2220 2772 ope.

919 2778 1110 2841 Obvia
1154 2799 1244 2839 me
1290 2780 1480 2840 sancti
1522 2784 1833 2857 gestarunt
1876 2780 2110 2857 agmina
2154 2783 2376 2854 coetus,

1002 2866 1094 2924 Ne
1140 2864 1379 2924 caderet
1421 2866 1573 2924 dura
1614 2884 1721 2943 pes
1766 2865 1904 2924 mihi
1947 2866 2142 2924 laesus
2187 2864 2394 2926 humo:

915 2950 1217 3027 Armaque
1261 2950 1322 3009 in
1367 2950 1647 3010 adversos
1691 2969 1887 3009 coram
1931 2950 2223 3009 strinxere
2268 2950 2546 3026 latrones,

1000 3036 1081 3095 Vt
1123 3055 1253 3094 mea
1297 3035 1540 3094 duraret
1581 3035 1723 3113 vita,
1770 3035 2007 3095 favente
2053 3035 2183 3094 deo.
2238 3041 2245 3048 '

914 3120 1189 3180 Nondum
1233 3124 1475 3181 exactus
1520 3125 1649 3179 6131
1690 3121 1956 3180 decursis
1999 3120 2296 3180 mensibus
2340 3138 2549 3194 annus,

999 3207 1079 3264 Vt
1120 3224 1309 3265 novus
1353 3204 1618 3266 Albiacis
1660 3204 1874 3265 finibus
1914 3205 2130 3283 hospes
2175 3223 2369 3263 eram:

913 3292 1010 3350 Ire
1053 3291 1217 3350 iuvat
1258 3292 1447 3350 laetos
1492 3292 1656 3350 coelo
1701 3291 1987 3350 invitante
2033 3308 2143 3367 per
2185 3307 2383 3366 agros,

1002 3374 1133 3447 Qua
1175 3375 1329 3435 viret
1371 3375 1580 3452 irrigui
1625 3376 1786 3435 littus
1830 3376 1908 3435 ad
1950 3375 2119 3434 Albis
2164 3392 2378 3450 aquas:

914 3461 1082 3520 Vnus
1127 3464 1254 3520 erat
1297 3479 1541 3538 mecum,
1586 3461 1723 3519 mihi
1769 3459 2208 3520 consuetudinis
2253 3477 2362 3518 usu

998 3546 1278 3624 Iunctior,
1321 3545 1382 3604 in
1427 3545 1634 3606 studiis
1676 3545 1829 3605 fidus
1871 3546 2092 3622 ubique
2137 3561 2359 3604 comes:

802 3650 823 3669 ·
913 3632 1090 3710 Imus,
1136 3634 1195 3690 et
1237 3631 1466 3691 oblatos
1509 3631 1758 3708 legimus
1801 3650 1911 3708 per
1954 3629 2221 3707 gramina
2263 3628 2460 3706 flores,

997 3715 1112 3788 Qui
1155 3716 1380 3775 variam
1425 3734 1668 3776 caussae
1711 3717 1832 3775 vim
1874 3715 2218 3775 medicantis
2261 3714 2506 3774 habent:

911 3801 1099 3860 Multa
1140 3802 1241 3861 diu
1285 3802 1449 3861 varie
1494 3820 1604 3878 per
1648 3820 1893 3861 amoena
1935 3801 2127 3859 vireta
2167 3799 2346 3859 locuti

995 3887 1272 3946 Ponimus
1314 3887 1375 3945 in
1418 3887 1595 3946 viridi
1638 3905 1854 3964 corpus
1899 3890 2150 3961 uterque
2194 3885 2348 3945 solo:

911 3972 1064 4031 Tum
1108 3990 1301 4032 comes
1344 3971 1636 4048 aspiciens
1681 3972 2035 4048 pendentem
2080 3988 2112 4030 6
2155 3970 2351 4030 1111016
2397 3970 2683 4046 cymbam,

995 4058 1088 4116 An
1136 4057 1279 4133 quid
1319 4058 1380 4116 in
1425 4057 1538 4116 hac
1580 4056 1851 4116 vehimur
1894 4056 2093 4115 littora
2138 4057 2433 4132 propter?
2478 4055 2591 4113 ait:

809 4147 813 4151 '
910 4144 1152 4219 Integra
1196 4161 1313 4203 non
1358 4145 1577 4202 metuat
1620 4145 1962 4218 grassantes
2008 4141 2219 4217 cymba
2262 4140 2575 4217 procellas,

994 4229 1055 4288 Si
1101 4247 1221 4305 qua
1265 4227 1375 4287 sub
1424 4230 1685 4286 extrema
1727 4227 1936 4285 ludere
1981 4226 2144 4285 novit
2187 4242 2358 4301 aqua.

844 4364 878 4426 ¹)
916 4362 1153 4412 Testatur
1190 4362 1264 4413 St.
1303 4377 1360 4410 eo
1383 4366 1606 4423 tempore
1630 4359 1852 4409 wendice
1869 4359 2065 4409 locutos
2084 4375 2189 4409 6886
2212 4359 2319 4409 61118
2339 4358 2561 4424 regionis
2576 4359 2802 4408 homines
2823 4358 3058 4411 rusticos.
