3499 5219
1642 427 1778 436 ,ῃ-
1866 398 1906 459 2
1997 410 2124 436 &L-

715 565 1053 649 Stigelium
1095 564 1464 630 enixissime
1507 563 2087 630 commendaverat.
2160 563 2246 627 Et
2288 583 2444 628 sane
2480 586 2611 629 non
2641 566 2830 630 facile
2859 567 3072 650 potuit

712 666 978 750 reperiri
1021 667 1129 748 qui
1174 667 1425 750 dignior
1468 674 1638 732 esset
1681 666 1949 748 Stigelio
1992 666 2116 729 hac
2171 665 2507 730 vocatione
2525 715 2540 746 ,
2617 673 2687 731 ut
2741 667 3063 748 quandam

715 767 897 850 quasi
939 769 1460 852 anticipationem
1503 768 1937 833 universitatis
1972 767 2394 832 conformaret
2423 770 2615 833 solus.
2690 770 2855 834 Nam
2885 790 3070 854 prae-

712 877 811 937 ter
853 872 1115 952 elegans
1158 871 1516 954 ingenium,
1564 890 1688 952 quo
1731 870 2018 953 pollebat
2060 876 2255 952 poeta
2295 869 2761 936 reformationis
2805 872 3061 953 latinus,

714 973 906 1037 etiam
948 973 1310 1055 theologiae
1353 980 1417 1038 et
1444 972 1855 1055 philologiae,
1901 971 2454 1054 iurisprudentiae,
2501 972 2819 1056 physices,
2866 981 3071 1038 astro—

713 1075 968 1140 nomiae
1013 1082 1150 1140 erat
1190 1075 1637 1156 gnarissimus,
1685 1079 1755 1137 ut
1796 1073 2226 1138 universalem
2269 1073 2594 1155 quandam
2639 1074 3061 1140 eruditionem

712 1196 869 1261 prae
912 1196 983 1241 se
1025 1176 1217 1241 ferret
1261 1177 1765 1258 cumulatiusque
1808 1195 2038 1239 munus
2083 1196 2267 1239 suum
2309 1182 2590 1257 augeret,
2639 1196 2829 1257 quam
2869 1178 2951 1242 ab
2984 1197 3061 1242 eo

711 1278 1021 1360 postulari
1076 1278 1404 1361 potuisset.
1508 1276 1775 1342 Accedit
1830 1275 2001 1358 quod
2059 1276 2363 1358 Stigelius
2420 1297 2563 1341 eam
2621 1278 2819 1342 animi
2873 1279 3067 1343 affec·

624 1420 627 1423 ¹
710 1380 949 1444 tionem
966 1427 982 1459 ‚
1041 1399 1232 1460 quam
1276 1379 1668 1445 coloniarum
1711 1398 1865 1460 erga
1907 1377 2290 1460 metropolin
2334 1399 2477 1445 esse
2520 1382 2860 1445 voluerunt
2902 1380 3060 1444 anti-
3158 1388 3161 1392 ’

711 1481 838 1562 qui,
883 1487 954 1544 ut
998 1488 1167 1546 esset
1210 1482 1392 1563 quasi
1434 1480 1778 1545 liberorum
1826 1499 1980 1561 erga
2022 1487 2353 1562 parentes,
2428 1502 2544 1564 per
2598 1489 2796 1546 totam
2861 1482 3059 1546 vitam

710 1602 892 1647 suam
932 1583 1092 1647 aluit
1136 1604 1278 1649 cum
1321 1603 1558 1667 magna
1600 1582 1858 1666 pietate.
1933 1581 2101 1644 Nam
2146 1581 2727 1662 Melanchthonem,
2776 1584 2884 1664 qui
2915 1603 3057 1648 eum

708 1690 1013 1766 tanquam
1055 1683 1254 1748 filium
1302 1681 1545 1764 dilexit,
1592 1703 1792 1764 usque
1834 1682 1921 1746 ad
1964 1683 2211 1747 cineres
2254 1684 2448 1748 coluit
2497 1685 3063 1751 observantissime

707 1792 777 1852 ut
831 1792 1108 1868 patrem,
1185 1792 1249 1849 et
1302 1785 1486 1865 quasi
1541 1791 1709 1850 totus
1764 1784 1845 1849 ab
1905 1784 2041 1850 eius
2094 1783 2328 1849 iudicio
2387 1784 2697 1868 pependit
2738 1788 2805 1850 in
2850 1787 3059 1852 causis

705 1886 1202 1967 reformationiS,
1261 1887 1330 1951 in
1374 1881 1602 1950 ceteris
1645 1907 1759 1951 suo
1805 1906 1954 1950 usus
1998 1886 2291 1967 arbitrio,
2352 1886 2524 1967 quod
2576 1888 2868 1970 inprimis
2924 1897 3056 1952 tum

705 1988 1003 2071 probavit
1045 2007 1238 2070 quum
1280 1987 1587 2062 Flaciana
1635 1988 1828 2052 factio
1886 1988 2275 2069 theologiam
2332 1987 2680 2053 infestabat
2736 1991 3060 2072 evangeli·

705 2108 864 2161 cam,
942 2088 1237 2154 Ceterum
1282 2088 1585 2171 Stigelius
1629 2095 2077 2172 praeterquam
2109 2090 2281 2171 quod
2310 2091 2573 2172 antiqua
2604 2090 2892 2155 doctrina
2921 2099 3058 2157 erat

703 2191 1014 2273 imbutus,
1062 2191 1285 2272 etiam,
1333 2190 1506 2272 quod
1546 2191 1754 2256 maius
1799 2197 1925 2272 est,
1979 2191 2258 2273 antiquis
2300 2192 2582 2256 moribus
2625 2194 3062 2274 praelucebat.

704 2292 908 2358 Huius
950 2293 1143 2376 igitur
1183 2292 1305 2358 viri
1348 2299 1480 2356 tam
1525 2291 1697 2357 docti
1739 2312 1927 2374 quam
1974 2294 2214 2358 strenui
2258 2293 2313 2357 si
2362 2294 2562 2358 vitam
2618 2295 3063 2377 perscripseri—

703 2415 846 2459 mus
901 2415 1034 2459 non
1091 2396 1297 2460 solum
1354 2393 1579 2477 pietati
1636 2413 1791 2476 erga
1843 2394 2119 2459 maiores
2175 2403 2426 2460 nostros
2484 2396 2882 2460 consuluisse
2938 2396 3054 2461 sed

704 2497 896 2561 etiam
950 2496 1138 2562 nobis
1196 2495 1353 2578 ipsis
1412 2503 1476 2560 et
1530 2496 1803 2578 posteris
1869 2495 2315 2561 aemulationis
2383 2497 2660 2561 calcaria
2701 2497 3060 2563 ‘addidisse

701 2597 1080 2664 videbimur.

1051 2837 1111 2910 1.
1200 2836 1331 2908 'De
1385 2832 1618 2931 patria
1672 2834 1961 2930 Stigelii
2016 2835 2312 2930 eiusque
2366 2837 2696 2933 pueritia.

805 3034 808 3037 ⁴
868 3003 1178 3066 Iohannes
1225 3002 1443 3085 Sce'gsel,
1464 3007 1504 3081 ¹)
1550 3024 1664 3069 seu
1697 3003 2012 3088 Stiyeliua
2061 3013 2130 3069 ut
2173 3006 2316 3088 ipse
2357 3026 2592 3070 nomen
2637 3027 2820 3072 suum
2850 3009 3052 3073 latine

696 3106 1145 3187 conformavit,
1205 3112 1393 3170 natus
1453 3113 1549 3171 est
1594 3106 1864 3172 Gothae.
1952 3107 2136 3171 Hanc
2181 3107 2352 3172 enim
2397 3108 2618 3172 urbem
2660 3110 2803 3191 ipse
2846 3110 3054 3191 Stige-

696 3207 821 3272 lius
862 3208 1135 3290 patriam
1179 3227 1360 3272 suam
1403 3209 1550 3290 plus
1595 3210 1794 3274 semel
1838 3217 1970 3273 tam
2015 3216 2309 3274 accurate
2350 3208 2674 3291 professus
2706 3217 2819 3292 est,
2866 3218 2938 3275 ut
2967 3211 3052 3275 de

694 3310 818 3373 hac
873 3329 945 3373 re
1003 3308 1279 3373 dubitari
1344 3316 1640 3389 nequeat.
1739 3310 2022 3374 Primum
2036 3312 2080 3387 ²)
2149 3310 2218 3373 in
2286 3311 2495 3392 elegia
2561 3309 2647 3374 ad
2704 3311 3048 3394 Georgium

696 3410 1041 3476 Aemilium
1087 3408 1531 3488 (Oemlerum):

946 3529 1233 3590 Nascenti
1275 3530 1462 3606 primo
1508 3531 1647 3588 mihi
1690 3534 1967 3607 praebuit
2011 3533 2200 3592 omine
2247 3551 2428 3592 cunas

1036 3615 1248 3694 Gotha,
1294 3616 1404 3674 sub
1448 3616 1650 3691 aprico
1697 3635 1852 3692 quae
1898 3617 2010 3676 sita
2055 3618 2207 3677 colle
2252 3618 2424 3694 iacet,

952 3701 1145 3763 Gotha
1188 3702 1393 3760 domus
1440 3700 1692 3780 Cereris,
1739 3702 1913 3762 cultis
1957 3703 2254 3761 uberrima
2297 3701 2550 3779 eampis3

1029 3786 1145 3847 Hei
1188 3785 1349 3865 mihi,
1394 3783 1671 3847 fertilitas
1714 3787 1974 3847 moribus
2019 3788 2132 3848 ista
2174 3793 2364 3847 nocet.

829 4023 862 4085 ¹)
900 4022 961 4070 In
999 4019 1229 4084 epistolis
1267 4021 1374 4071 eius
1409 4021 1717 4086 germanicis
1752 4021 1808 4070 in
1845 4021 2051 4070 archivo
2078 4020 2386 4071 Vimariensi
2417 4038 2612 4087 semper
2637 4022 2855 4072 Ioannes
2878 4009 3054 4086 stig‘elt

690 4105 963 4167 scribitur,
1001 4121 1102 4154 non
1141 4104 1361 4168 Stiegel,
1409 4110 1468 4155 ut
1503 4107 1703 4170 passim,
1733 4106 1842 4156 eius
1877 4121 2061 4156 nomen
2097 4105 2313 4169 proferri
2349 4105 2510 4157 video,
2581 4110 2748 4171 Atque
2786 4106 2894 4172 ipse
2930 4106 3024 4155 1011

691 4190 937 4256 Stigelius
987 4190 1042 4240 in
1078 4187 1208 4237 Albo
1243 4186 1597 4253 Vitebergensi
1640 4190 1715 4240 sic
1763 4189 2055 4255 inscripsit:
2116 4191 2367 4241 Iohannes
2403 4190 2565 4255 Stigel
2617 4193 2677 4242 de
2714 4192 2862 4241 Geta.
2899 4207 2944 4239 v,
2984 4190 3037 4239 C.

689 4274 751 4326 Ε.
791 4274 1177 4325 Foerstemanni
1224 4272 1408 4323 Album
1463 4274 1604 4325 acad.
1643 4275 1749 4327 vit.
1788 4292 1841 4340 p.
1887 4278 1993 4327 143.
2043 4275 2218 4324 Etiam
2253 4276 2308 4325 in
2345 4275 2476 4325 Albo'
2512 4276 2713 4326 lenensi
2762 4274 3054 4325 invenitur-2⁴

685 4360 905 4410 Ioannes
941 4358 1121 4424 Stigel,
1159 4358 1436 4409 Gothanus.
1578 4358 1615 4424 ²)
1651 4360 1746 4410 Ed.
1786 4361 1937 4411 Ienae
1978 4361 2123 4414 1660.
2162 4363 2241 4413 61.
2280 4360 2336 4411 Τ.
2374 4360 2441 4410 11.
2480 4361 2514 4409 f.
2555 4363 2665 4413 186.
