<?xml version="1.0" encoding="UTF-8"?>
<!DOCTYPE html PUBLIC "-//W3C//DTD XHTML 1.0 Transitional//EN"
    "http://www.w3.org/TR/xhtml1/DTD/xhtml1-transitional.dtd">
<html xmlns="http://www.w3.org/1999/xhtml" xml:lang="en" lang="en">
 <head>
  <title>
</title>
<meta http-equiv="Content-Type" content="text/html;charset=utf-8" />
  <meta name='ocr-system' content='tesseract 3.04.00' />
  <meta name='ocr-capabilities' content='ocr_page ocr_carea ocr_par ocr_line ocrx_word'/>
</head>
<body>
  <div class='ocr_page' id='page_1' title='image "./opusculaacademi00goetgoog_0228.png"; bbox 0 0 3499 5219; ppageno 0'>
   <div class='ocr_carea' id='block_1_1' title="bbox 1717 381 2282 444">
    <p class='ocr_par' dir='ltr' id='par_1_1' title="bbox 1717 381 2282 444">
     <span class='ocr_line' id='line_1_1' title="bbox 1717 381 2282 444; baseline -0.004 0"><span class='ocrx_word' id='word_1_1' title='bbox 1717 381 2282 444; x_wconf 52' lang='lat'><strong>*212—</strong></span> 
     </span>
    </p>
   </div>
   <div class='ocr_carea' id='block_1_2' title="bbox 797 543 3236 3363">
    <p class='ocr_par' dir='ltr' id='par_1_2' title="bbox 822 543 3236 925">
     <span class='ocr_line' id='line_1_2' title="bbox 823 543 3236 633; baseline -0.003 -13"><span class='ocrx_word' id='word_1_2' title='bbox 823 555 977 620; x_wconf 91' lang='lat' dir='ltr'><strong>olim</strong></span> <span class='ocrx_word' id='word_1_3' title='bbox 1034 571 1104 619; x_wconf 90' lang='lat' dir='ltr'><strong>se</strong></span> <span class='ocrx_word' id='word_1_4' title='bbox 1158 550 1360 618; x_wconf 85' lang='lat' dir='ltr'><strong>fuisse</strong></span> <span class='ocrx_word' id='word_1_5' title='bbox 1415 547 1579 614; x_wconf 85' lang='lat' dir='ltr'><strong>dixit</strong></span> <span class='ocrx_word' id='word_1_6' title='bbox 1631 546 2086 633; x_wconf 86' lang='lat' dir='ltr'><strong>philosophus,</strong></span> <span class='ocrx_word' id='word_1_7' title='bbox 2144 545 2308 611; x_wconf 91' lang='lat' dir='ltr'><strong>nihil</strong></span> <span class='ocrx_word' id='word_1_8' title='bbox 2364 544 2543 611; x_wconf 89' lang='lat' dir='ltr'><strong>aliud</strong></span> <span class='ocrx_word' id='word_1_9' title='bbox 2598 545 2804 609; x_wconf 85' lang='lat' dir='ltr'><strong>voluit</strong></span> <span class='ocrx_word' id='word_1_10' title='bbox 2847 543 3170 612; x_wconf 88' lang='lat' dir='ltr'><strong>declarare</strong></span> <span class='ocrx_word' id='word_1_11' title='bbox 3228 547 3236 552; x_wconf 80' lang='grc'><em>“</em></span> 
     </span>
     <span class='ocr_line' id='line_1_3' title="bbox 823 645 3172 738; baseline -0.003 -17"><span class='ocrx_word' id='word_1_12' title='bbox 823 675 1017 738; x_wconf 92' lang='lat' dir='ltr'><strong>quam</strong></span> <span class='ocrx_word' id='word_1_13' title='bbox 1071 654 1315 720; x_wconf 89' lang='lat' dir='ltr'><strong>musica</strong></span> <span class='ocrx_word' id='word_1_14' title='bbox 1377 653 1571 718; x_wconf 88' lang='lat' dir='ltr'><strong>etiam</strong></span> <span class='ocrx_word' id='word_1_15' title='bbox 1642 657 1710 717; x_wconf 91' lang='lat' dir='ltr'><strong>et</strong></span> <span class='ocrx_word' id='word_1_16' title='bbox 1779 648 1961 735; x_wconf 89' lang='lat' dir='ltr'><strong>poesi</strong></span> <span class='ocrx_word' id='word_1_17' title='bbox 2032 649 2314 714; x_wconf 90' lang='lat' dir='ltr'><strong>animam</strong></span> <span class='ocrx_word' id='word_1_18' title='bbox 2386 667 2568 712; x_wconf 87' lang='lat' dir='ltr'><strong>suam</strong></span> <span class='ocrx_word' id='word_1_19' title='bbox 2630 646 2925 730; x_wconf 86' lang='lat' dir='ltr'><strong>primitus</strong></span> <span class='ocrx_word' id='word_1_20' title='bbox 2979 645 3172 714; x_wconf 84' lang='lat' dir='ltr'><strong>fuisse</strong></span> 
     </span>
     <span class='ocr_line' id='line_1_4' title="bbox 822 748 3175 833; baseline -0.004 -11"><span class='ocrx_word' id='word_1_21' title='bbox 822 757 1133 822; x_wconf 81' lang='lat' dir='ltr'>imbutam</span> <span class='ocrx_word' id='word_1_22' title='bbox 1148 757 1212 833; x_wconf 90' lang='lat'><strong>¹).</strong></span> <span class='ocrx_word' id='word_1_23' title='bbox 1314 753 1621 821; x_wconf 75' lang='lat' dir='ltr'><strong>Similiter</strong></span> <span class='ocrx_word' id='word_1_24' title='bbox 1684 751 2032 818; x_wconf 81' lang='lat' dir='ltr'><strong>Homerum</strong></span> <span class='ocrx_word' id='word_1_25' title='bbox 2104 770 2177 816; x_wconf 91' lang='lat' dir='ltr'><strong>se</strong></span> <span class='ocrx_word' id='word_1_26' title='bbox 2247 749 2403 816; x_wconf 90' lang='lat' dir='ltr'><strong>olim</strong></span> <span class='ocrx_word' id='word_1_27' title='bbox 2473 748 2672 815; x_wconf 86' lang='lat' dir='ltr'><strong>fuisse</strong></span> <span class='ocrx_word' id='word_1_28' title='bbox 2743 748 3175 815; x_wconf 77' lang='lat' dir='ltr'><strong>somniaverat</strong></span> 
     </span>
     <span class='ocr_line' id='line_1_5' title="bbox 826 859 1096 925; baseline -0.011 0"><span class='ocrx_word' id='word_1_29' title='bbox 826 859 1096 925; x_wconf 89' lang='lat' dir='ltr'><strong>Ennius.</strong></span> 
     </span>
    </p>

    <p class='ocr_par' dir='ltr' id='par_1_3' title="bbox 797 950 3184 2565">
     <span class='ocr_line' id='line_1_6' title="bbox 995 950 3176 1043; baseline -0.004 -18"><span class='ocrx_word' id='word_1_30' title='bbox 995 960 1096 1025; x_wconf 90' lang='lat' dir='ltr'><strong>De</strong></span> <span class='ocrx_word' id='word_1_31' title='bbox 1137 957 1386 1043; x_wconf 90' lang='lat' dir='ltr'><strong>Pyrrho</strong></span> <span class='ocrx_word' id='word_1_32' title='bbox 1431 955 1621 1021; x_wconf 90' lang='lat' dir='ltr'><strong>Delio</strong></span> <span class='ocrx_word' id='word_1_33' title='bbox 1665 953 1821 1037; x_wconf 87' lang='lat' dir='ltr'><strong>quid</strong></span> <span class='ocrx_word' id='word_1_34' title='bbox 1863 959 2140 1020; x_wconf 84' lang='lat' dir='ltr'><strong>statuam</strong></span> <span class='ocrx_word' id='word_1_35' title='bbox 2183 971 2444 1038; x_wconf 87' lang='lat' dir='ltr'><strong>prorsus</strong></span> <span class='ocrx_word' id='word_1_36' title='bbox 2484 951 2723 1033; x_wconf 83' lang='lat' dir='ltr'><strong>nescio,</strong></span> <span class='ocrx_word' id='word_1_37' title='bbox 2767 950 2936 1018; x_wconf 91' lang='lat' dir='ltr'><strong>adeo</strong></span> <span class='ocrx_word' id='word_1_38' title='bbox 2977 952 3176 1018; x_wconf 87' lang='lat' dir='ltr'><strong>incer-</strong></span> 
     </span>
     <span class='ocr_line' id='line_1_7' title="bbox 824 1052 3180 1141; baseline -0.004 -14"><span class='ocrx_word' id='word_1_39' title='bbox 824 1068 958 1127; x_wconf 87' lang='lat' dir='ltr'><strong>tum</strong></span> <span class='ocrx_word' id='word_1_40' title='bbox 1002 1067 1101 1128; x_wconf 89' lang='lat' dir='ltr'><strong>est</strong></span> <span class='ocrx_word' id='word_1_41' title='bbox 1142 1079 1409 1140; x_wconf 82' lang='lat' dir='ltr'><strong>nomen3</strong></span> <span class='ocrx_word' id='word_1_42' title='bbox 1453 1077 1605 1123; x_wconf 88' lang='lat' dir='ltr'><strong>nam</strong></span> <span class='ocrx_word' id='word_1_43' title='bbox 1640 1055 1817 1141; x_wconf 89' lang='lat' dir='ltr'><strong>apud</strong></span> <span class='ocrx_word' id='word_1_44' title='bbox 1844 1055 2273 1122; x_wconf 85' lang='lat' dir='ltr'><strong>Scholiastam</strong></span> <span class='ocrx_word' id='word_1_45' title='bbox 2303 1053 2641 1139; x_wconf 76' lang='lat' dir='ltr'><strong>Sophoclis</strong></span> <span class='ocrx_word' id='word_1_46' title='bbox 2671 1053 2774 1118; x_wconf 92' lang='lat' dir='ltr'><strong>El.</strong></span> <span class='ocrx_word' id='word_1_47' title='bbox 2805 1057 2909 1119; x_wconf 86' lang='grc'><strong>62.</strong></span> <span class='ocrx_word' id='word_1_48' title='bbox 2947 1052 3180 1136; x_wconf 86' lang='lat' dir='ltr'><strong>legitur</strong></span> 
     </span>
     <span class='ocr_line' id='line_1_8' title="bbox 824 1154 3183 1248; baseline -0.004 -19"><span class='ocrx_word' id='word_1_49' title='bbox 824 1184 939 1248; x_wconf 94' lang='lat' dir='ltr'><strong>pro</strong></span> <span class='ocrx_word' id='word_1_50' title='bbox 983 1162 1230 1247; x_wconf 88' lang='lat' dir='ltr'><strong>Pyrrho</strong></span> <span class='ocrx_word' id='word_1_51' title='bbox 1272 1156 1578 1236; x_wconf 71' lang='grc' dir='ltr'><em>Πύθιος,</em></span> <span class='ocrx_word' id='word_1_52' title='bbox 1633 1156 1813 1223; x_wconf 93' lang='lat' dir='ltr'><strong>aliud</strong></span> <span class='ocrx_word' id='word_1_53' title='bbox 1867 1156 2045 1241; x_wconf 90' lang='lat' dir='ltr'><strong>apud</strong></span> <span class='ocrx_word' id='word_1_54' title='bbox 2088 1157 2371 1224; x_wconf 81' lang='lat' dir='ltr'><strong>Gellium</strong></span> <span class='ocrx_word' id='word_1_55' title='bbox 2414 1156 2496 1222; x_wconf 83' lang='lat' dir='ltr'><strong>N.</strong></span> <span class='ocrx_word' id='word_1_56' title='bbox 2541 1156 2619 1221; x_wconf 88' lang='lat' dir='ltr'><strong>A.</strong></span> <span class='ocrx_word' id='word_1_57' title='bbox 2666 1154 2779 1238; x_wconf 87' lang='lat' dir='ltr'><strong>IV,</strong></span> <span class='ocrx_word' id='word_1_58' title='bbox 2843 1160 2943 1219; x_wconf 90' lang='lat'><strong>11.</strong></span> <span class='ocrx_word' id='word_1_59' title='bbox 3003 1154 3183 1220; x_wconf 90' lang='lat' dir='ltr'><strong>cuius</strong></span> 
     </span>
     <span class='ocr_line' id='line_1_9' title="bbox 823 1257 3183 1344; baseline -0.004 -14"><span class='ocrx_word' id='word_1_60' title='bbox 823 1265 1257 1330; x_wconf 79' lang='lat' dir='ltr'><strong>narrationem</strong></span> <span class='ocrx_word' id='word_1_61' title='bbox 1316 1261 1399 1328; x_wconf 92' lang='lat' dir='ltr'><strong>de</strong></span> <span class='ocrx_word' id='word_1_62' title='bbox 1453 1257 1814 1344; x_wconf 82' lang='lat' dir='ltr'><strong>rep‘etentia</strong></span> <span class='ocrx_word' id='word_1_63' title='bbox 1867 1258 2274 1343; x_wconf 81' lang='lat' dir='ltr'><strong>Pythagorae</strong></span> <span class='ocrx_word' id='word_1_64' title='bbox 2325 1278 2457 1324; x_wconf 94' lang='lat' dir='ltr'><strong>non</strong></span> <span class='ocrx_word' id='word_1_65' title='bbox 2513 1258 2721 1341; x_wconf 87' lang='lat' dir='ltr'><strong>magis</strong></span> <span class='ocrx_word' id='word_1_66' title='bbox 2777 1275 2930 1322; x_wconf 88' lang='lat' dir='ltr'><strong>curo</strong></span> <span class='ocrx_word' id='word_1_67' title='bbox 2989 1276 3183 1339; x_wconf 91' lang='lat' dir='ltr'><strong>quum</strong></span> 
     </span>
     <span class='ocr_line' id='line_1_10' title="bbox 797 1358 3184 1443; baseline -0.005 -8"><span class='ocrx_word' id='word_1_68' title='bbox 797 1433 800 1435; x_wconf 71' lang='grc'>,</span> <span class='ocrx_word' id='word_1_69' title='bbox 830 1366 918 1433; x_wconf 91' lang='lat' dir='ltr'><strong>ad</strong></span> <span class='ocrx_word' id='word_1_70' title='bbox 961 1364 1337 1433; x_wconf 73' lang='lat' dir='ltr'><strong>clearchum</strong></span> <span class='ocrx_word' id='word_1_71' title='bbox 1381 1369 1444 1429; x_wconf 86' lang='lat' dir='ltr'><strong>et</strong></span> <span class='ocrx_word' id='word_1_72' title='bbox 1486 1360 1953 1427; x_wconf 76' lang='lat' dir='ltr'><strong>Dicaearchum</strong></span> <span class='ocrx_word' id='word_1_73' title='bbox 1996 1360 2306 1427; x_wconf 85' lang='lat' dir='ltr'><strong>referatur</strong></span> <span class='ocrx_word' id='word_1_74' title='bbox 2319 1364 2393 1443; x_wconf 85' lang='lat'><strong>¹),</strong></span> <span class='ocrx_word' id='word_1_75' title='bbox 2446 1359 2903 1426; x_wconf 82' lang='lat' dir='ltr'><strong>obtrectatores</strong></span> <span class='ocrx_word' id='word_1_76' title='bbox 2944 1358 3184 1443; x_wconf 88' lang='lat' dir='ltr'><strong>Pytha·</strong></span> 
     </span>
     <span class='ocr_line' id='line_1_11' title="bbox 825 1461 3180 1551; baseline -0.004 -17"><span class='ocrx_word' id='word_1_77' title='bbox 825 1487 1021 1551; x_wconf 89' lang='lat' dir='ltr'><strong>gorae</strong></span> <span class='ocrx_word' id='word_1_78' title='bbox 1035 1516 1052 1550; x_wconf 92' lang='lat'>‚</span> <span class='ocrx_word' id='word_1_79' title='bbox 1127 1486 1319 1550; x_wconf 91' lang='lat' dir='ltr'><strong>quam</strong></span> <span class='ocrx_word' id='word_1_80' title='bbox 1379 1484 1459 1530; x_wconf 91' lang='lat' dir='ltr'><strong>ea</strong></span> <span class='ocrx_word' id='word_1_81' title='bbox 1516 1483 1680 1547; x_wconf 85' lang='lat' dir='ltr'><strong>quae</strong></span> <span class='ocrx_word' id='word_1_82' title='bbox 1735 1463 2057 1529; x_wconf 88' lang='lat' dir='ltr'><strong>Lucianus</strong></span> <span class='ocrx_word' id='word_1_83' title='bbox 2112 1461 2311 1526; x_wconf 90' lang='lat' dir='ltr'><strong>habet</strong></span> <span class='ocrx_word' id='word_1_84' title='bbox 2366 1461 2539 1527; x_wconf 80' lang='lat' dir='ltr'><strong>Gall.</strong></span> <span class='ocrx_word' id='word_1_85' title='bbox 2595 1481 2661 1545; x_wconf 87' lang='lat' dir='ltr'><strong>p.</strong></span> <span class='ocrx_word' id='word_1_86' title='bbox 2708 1465 2744 1526; x_wconf 90' lang='lat'><strong>7</strong></span> <span class='ocrx_word' id='word_1_87' title='bbox 2750 1464 2852 1527; x_wconf 81' lang='grc'><strong>26.</strong></span> <span class='ocrx_word' id='word_1_88' title='bbox 2912 1463 3016 1539; x_wconf 90' lang='lat' dir='ltr'><strong>(T.</strong></span> <span class='ocrx_word' id='word_1_89' title='bbox 3064 1461 3180 1540; x_wconf 74' lang='lat'>111,</span> 
     </span>
     <span class='ocr_line' id='line_1_12' title="bbox 824 1561 3184 1655; baseline -0.003 -21"><span class='ocrx_word' id='word_1_90' title='bbox 824 1591 889 1655; x_wconf 91' lang='lat' dir='ltr'><strong>p.</strong></span> <span class='ocrx_word' id='word_1_91' title='bbox 940 1573 1037 1637; x_wconf 88' lang='lat'><strong>18.</strong></span> <span class='ocrx_word' id='word_1_92' title='bbox 1108 1569 1239 1634; x_wconf 91' lang='lat' dir='ltr'><strong>Iac.</strong></span> <span class='ocrx_word' id='word_1_93' title='bbox 1298 1574 1361 1632; x_wconf 90' lang='lat' dir='ltr'><strong>et</strong></span> <span class='ocrx_word' id='word_1_94' title='bbox 1403 1565 1777 1649; x_wconf 91' lang='lat' dir='ltr'><strong>Hieronym.</strong></span> <span class='ocrx_word' id='word_1_95' title='bbox 1821 1584 1877 1629; x_wconf 90' lang='lat' dir='ltr'><strong>c.</strong></span> <span class='ocrx_word' id='word_1_96' title='bbox 1920 1563 2065 1629; x_wconf 79' lang='lat' dir='ltr'><strong>Rus.</strong></span> <span class='ocrx_word' id='word_1_97' title='bbox 2109 1563 2229 1644; x_wconf 87' lang='lat'>111,</span> <span class='ocrx_word' id='word_1_98' title='bbox 2277 1563 2460 1646; x_wconf 53' lang='lat'><strong>39³),</strong></span> <span class='ocrx_word' id='word_1_99' title='bbox 2521 1562 2702 1629; x_wconf 89' lang='lat' dir='ltr'><strong>aliud</strong></span> <span class='ocrx_word' id='word_1_100' title='bbox 2756 1562 2955 1629; x_wconf 89' lang='lat' dir='ltr'><strong>etiam</strong></span> <span class='ocrx_word' id='word_1_101' title='bbox 3010 1561 3184 1644; x_wconf 89' lang='lat' dir='ltr'><strong>apud</strong></span> 
     </span>
     <span class='ocr_line' id='line_1_13' title="bbox 826 1662 3183 1753; baseline -0.004 -15"><span class='ocrx_word' id='word_1_102' title='bbox 826 1670 1040 1738; x_wconf 80' lang='lat' dir='ltr'><strong>Schol.</strong></span> <span class='ocrx_word' id='word_1_103' title='bbox 1096 1669 1312 1753; x_wconf 88' lang='lat' dir='ltr'><strong>Apoll.</strong></span> <span class='ocrx_word' id='word_1_104' title='bbox 1370 1668 1492 1734; x_wconf 88' lang='lat' dir='ltr'><strong>Rh.</strong></span> <span class='ocrx_word' id='word_1_105' title='bbox 1536 1667 1600 1748; x_wconf 81' lang='lat' dir='ltr'><strong>I,</strong></span> <span class='ocrx_word' id='word_1_106' title='bbox 1659 1671 1819 1731; x_wconf 81' lang='lat'>645:</span> <span class='ocrx_word' id='word_1_107' title='bbox 1897 1663 2164 1746; x_wconf 78' lang='grc' dir='ltr'><em>Πύρρον</em></span> <span class='ocrx_word' id='word_1_108' title='bbox 2222 1662 2337 1730; x_wconf 79' lang='grc' dir='ltr'><strong>τὸν</strong></span> <span class='ocrx_word' id='word_1_109' title='bbox 2395 1666 2642 1751; x_wconf 78' lang='grc' dir='ltr'><strong>Κρῆτα.</strong></span> <span class='ocrx_word' id='word_1_110' title='bbox 2743 1663 2877 1730; x_wconf 81' lang='lat' dir='ltr'><strong>Sed</strong></span> <span class='ocrx_word' id='word_1_111' title='bbox 2933 1664 3183 1729; x_wconf 82' lang='lat' dir='ltr'><strong>addita-</strong></span> 
     </span>
     <span class='ocr_line' id='line_1_14' title="bbox 825 1760 3181 1853; baseline -0.003 -15"><span class='ocrx_word' id='word_1_112' title='bbox 825 1778 1109 1838; x_wconf 87' lang='lat' dir='ltr'><strong>mentum</strong></span> <span class='ocrx_word' id='word_1_113' title='bbox 1151 1769 1317 1836; x_wconf 89' lang='lat' dir='ltr'><strong>illud</strong></span> <span class='ocrx_word' id='word_1_114' title='bbox 1359 1769 1590 1853; x_wconf 85' lang='lat' dir='ltr'><strong>Pyrrhi</strong></span> <span class='ocrx_word' id='word_1_115' title='bbox 1632 1767 1812 1853; x_wconf 88' lang='lat' dir='ltr'><strong>apud</strong></span> <span class='ocrx_word' id='word_1_116' title='bbox 1853 1766 2246 1851; x_wconf 83' lang='lat' dir='ltr'><strong>Diogenem,</strong></span> <span class='ocrx_word' id='word_1_117' title='bbox 2303 1764 2554 1851; x_wconf 83' lang='grc' dir='ltr'><strong><em>Δήλιος</em></strong></span> <span class='ocrx_word' id='word_1_118' title='bbox 2610 1760 2832 1843; x_wconf 79' lang='grc' dir='ltr'><strong><em>ἁλιεύς</em></strong></span> <span class='ocrx_word' id='word_1_119' title='bbox 2845 1767 2890 1843; x_wconf 82' lang='lat'><strong>⁴)</strong></span> <span class='ocrx_word' id='word_1_120' title='bbox 2907 1814 2926 1847; x_wconf 84' lang='grc'><em>,</em></span> <span class='ocrx_word' id='word_1_121' title='bbox 2987 1787 3181 1849; x_wconf 89' lang='lat' dir='ltr'><strong>quan-</strong></span> 
     </span>
     <span class='ocr_line' id='line_1_15' title="bbox 827 1868 3183 1958; baseline -0.002 -19"><span class='ocrx_word' id='word_1_122' title='bbox 827 1894 1018 1958; x_wconf 91' lang='lat' dir='ltr'><strong>quam</strong></span> <span class='ocrx_word' id='word_1_123' title='bbox 1062 1873 1257 1940; x_wconf 87' lang='lat' dir='ltr'><strong>etiam</strong></span> <span class='ocrx_word' id='word_1_124' title='bbox 1303 1870 1700 1936; x_wconf 88' lang='lat' dir='ltr'><strong>Tertulliano</strong></span> <span class='ocrx_word' id='word_1_125' title='bbox 1743 1889 1877 1935; x_wconf 93' lang='lat' dir='ltr'><strong>non</strong></span> <span class='ocrx_word' id='word_1_126' title='bbox 1920 1868 2314 1952; x_wconf 88' lang='lat' dir='ltr'><strong>incognitum</strong></span> <span class='ocrx_word' id='word_1_127' title='bbox 2327 1916 2345 1951; x_wconf 88' lang='lat'><strong>,</strong></span> <span class='ocrx_word' id='word_1_128' title='bbox 2402 1888 2663 1952; x_wconf 90' lang='lat' dir='ltr'><strong>prorsus</strong></span> <span class='ocrx_word' id='word_1_129' title='bbox 2704 1868 2996 1951; x_wconf 89' lang='lat' dir='ltr'><strong>ineptum</strong></span> <span class='ocrx_word' id='word_1_130' title='bbox 3043 1888 3183 1936; x_wconf 86' lang='lat' dir='ltr'><strong>esse</strong></span> 
     </span>
     <span class='ocr_line' id='line_1_16' title="bbox 826 1962 3181 2057; baseline -0.001 -17"><span class='ocrx_word' id='word_1_131' title='bbox 826 1975 1098 2057; x_wconf 83' lang='lat' dir='ltr'><strong>videtur,</strong></span> <span class='ocrx_word' id='word_1_132' title='bbox 1142 1974 1268 2039; x_wconf 90' lang='lat' dir='ltr'><strong>nisi</strong></span> <span class='ocrx_word' id='word_1_133' title='bbox 1312 1970 1723 2040; x_wconf 87' lang='lat' dir='ltr'><strong>statuendum</strong></span> <span class='ocrx_word' id='word_1_134' title='bbox 1766 1970 1980 2056; x_wconf 89' lang='lat' dir='ltr'><strong>potius</strong></span> <span class='ocrx_word' id='word_1_135' title='bbox 2009 1965 2282 2055; x_wconf 77' lang='grc' dir='ltr'><em>Δήλιον,</em></span> <span class='ocrx_word' id='word_1_136' title='bbox 2331 1963 2524 2033; x_wconf 79' lang='grc' dir='ltr'><strong><em>ἁλιέα</em></strong></span> <span class='ocrx_word' id='word_1_137' title='bbox 2567 1976 2631 2035; x_wconf 92' lang='lat' dir='ltr'><strong>et</strong></span> <span class='ocrx_word' id='word_1_138' title='bbox 2666 1962 2928 2034; x_wconf 73' lang='grc' dir='ltr'><em>Ἠλεῖον</em></span> <span class='ocrx_word' id='word_1_139' title='bbox 2970 1970 3181 2037; x_wconf 83' lang='lat' dir='ltr'><strong>varias</strong></span> 
     </span>
     <span class='ocr_line' id='line_1_17' title="bbox 824 2070 3179 2156; baseline -0.002 -15"><span class='ocrx_word' id='word_1_140' title='bbox 824 2075 1022 2143; x_wconf 88' lang='lat' dir='ltr'><strong>fuisse</strong></span> <span class='ocrx_word' id='word_1_141' title='bbox 1064 2076 1393 2141; x_wconf 88' lang='lat' dir='ltr'><strong>lectiones.</strong></span> <span class='ocrx_word' id='word_1_142' title='bbox 1479 2073 1618 2140; x_wconf 87' lang='lat' dir='ltr'><strong>Hoc</strong></span> <span class='ocrx_word' id='word_1_143' title='bbox 1660 2073 1955 2139; x_wconf 89' lang='lat' dir='ltr'><strong>ultimum</strong></span> <span class='ocrx_word' id='word_1_144' title='bbox 2000 2072 2171 2139; x_wconf 90' lang='lat' dir='ltr'><strong>enim</strong></span> <span class='ocrx_word' id='word_1_145' title='bbox 2213 2071 2448 2154; x_wconf 86' lang='lat' dir='ltr'><strong>legitur</strong></span> <span class='ocrx_word' id='word_1_146' title='bbox 2488 2070 2665 2154; x_wconf 91' lang='lat' dir='ltr'><strong>apud</strong></span> <span class='ocrx_word' id='word_1_147' title='bbox 2707 2070 2927 2137; x_wconf 83' lang='lat' dir='ltr'><strong>Schol.</strong></span> <span class='ocrx_word' id='word_1_148' title='bbox 2966 2073 3179 2156; x_wconf 84' lang='lat' dir='ltr'><strong>Apoll.</strong></span> 
     </span>
     <span class='ocr_line' id='line_1_18' title="bbox 828 2161 3180 2257; baseline -0.002 -14"><span class='ocrx_word' id='word_1_149' title='bbox 828 2178 952 2243; x_wconf 88' lang='lat' dir='ltr'><strong>Rh.</strong></span> <span class='ocrx_word' id='word_1_150' title='bbox 994 2177 1041 2243; x_wconf 97' lang='lat' dir='ltr'><strong>l.</strong></span> <span class='ocrx_word' id='word_1_151' title='bbox 1082 2178 1128 2242; x_wconf 88' lang='lat' dir='ltr'><strong>l.</strong></span> <span class='ocrx_word' id='word_1_152' title='bbox 1177 2168 1319 2242; x_wconf 83' lang='grc' dir='ltr'><strong><em>εἶτα</em></strong></span> <span class='ocrx_word' id='word_1_153' title='bbox 1354 2171 1612 2241; x_wconf 76' lang='grc' dir='ltr'><strong><em>Ἠλεῖόν</em></strong></span> <span class='ocrx_word' id='word_1_154' title='bbox 1657 2199 1826 2252; x_wconf 78' lang='grc' dir='ltr'><strong><em>τινα,</em></strong></span> <span class='ocrx_word' id='word_1_155' title='bbox 1874 2161 1953 2239; x_wconf 78' lang='grc' dir='ltr'><strong>οὗ</strong></span> <span class='ocrx_word' id='word_1_156' title='bbox 1995 2174 2073 2238; x_wconf 84' lang='grc' dir='ltr'><strong>τὸ</strong></span> <span class='ocrx_word' id='word_1_157' title='bbox 2120 2169 2331 2254; x_wconf 75' lang='grc' dir='ltr'><strong><em>ὅνσμα</em></strong></span> <span class='ocrx_word' id='word_1_158' title='bbox 2376 2167 2728 2256; x_wconf 75' lang='grc' dir='ltr'><strong>ἀγνοεῖται.</strong></span> <span class='ocrx_word' id='word_1_159' title='bbox 2818 2172 2955 2240; x_wconf 78' lang='lat' dir='ltr'><strong>Sed</strong></span> <span class='ocrx_word' id='word_1_160' title='bbox 3013 2173 3180 2257; x_wconf 89' lang='lat' dir='ltr'><strong>quod</strong></span> 
     </span>
     <span class='ocr_line' id='line_1_19' title="bbox 825 2275 3177 2362; baseline -0.001 -18"><span class='ocrx_word' id='word_1_161' title='bbox 825 2278 1222 2362; x_wconf 87' lang='lat' dir='ltr'><strong>incognitum</strong></span> <span class='ocrx_word' id='word_1_162' title='bbox 1262 2278 1385 2344; x_wconf 86' lang='lat' dir='ltr'><strong>fuit</strong></span> <span class='ocrx_word' id='word_1_163' title='bbox 1423 2276 1811 2345; x_wconf 86' lang='lat' dir='ltr'><strong>scholiastae</strong></span> <span class='ocrx_word' id='word_1_164' title='bbox 1855 2276 2082 2343; x_wconf 88' lang='lat' dir='ltr'><strong>ceteris</strong></span> <span class='ocrx_word' id='word_1_165' title='bbox 2118 2275 2311 2343; x_wconf 89' lang='lat' dir='ltr'><strong>etiam</strong></span> <span class='ocrx_word' id='word_1_166' title='bbox 2340 2275 2735 2358; x_wconf 84' lang='lat' dir='ltr'><strong>incognitum</strong></span> <span class='ocrx_word' id='word_1_167' title='bbox 2763 2275 2965 2341; x_wconf 87' lang='lat' dir='ltr'><strong>fuisse</strong></span> <span class='ocrx_word' id='word_1_168' title='bbox 2993 2295 3177 2341; x_wconf 92' lang='lat' dir='ltr'><strong>nemo</strong></span> 
     </span>
     <span class='ocr_line' id='line_1_20' title="bbox 827 2376 3175 2465; baseline -0.002 -19"><span class='ocrx_word' id='word_1_169' title='bbox 827 2380 1067 2448; x_wconf 82' lang='lat' dir='ltr'><strong>credet.</strong></span> <span class='ocrx_word' id='word_1_170' title='bbox 1155 2379 1472 2465; x_wconf 89' lang='lat' dir='ltr'><strong>Pyrrhum</strong></span> <span class='ocrx_word' id='word_1_171' title='bbox 1518 2380 1823 2445; x_wconf 92' lang='lat' dir='ltr'><strong>Eleorum</strong></span> <span class='ocrx_word' id='word_1_172' title='bbox 1878 2397 2095 2462; x_wconf 91' lang='lat' dir='ltr'><strong>regem</strong></span> <span class='ocrx_word' id='word_1_173' title='bbox 2148 2382 2601 2443; x_wconf 90' lang='lat' dir='ltr'><strong>commemorat</strong></span> <span class='ocrx_word' id='word_1_174' title='bbox 2642 2376 3001 2443; x_wconf 86' lang='lat' dir='ltr'><strong>Pausanias</strong></span> <span class='ocrx_word' id='word_1_175' title='bbox 3047 2378 3175 2457; x_wconf 86' lang='lat' dir='ltr'>(VI,</span> 
     </span>
     <span class='ocr_line' id='line_1_21' title="bbox 828 2481 1777 2565; baseline -0.002 -18"><span class='ocrx_word' id='word_1_176' title='bbox 828 2485 935 2559; x_wconf 83' lang='lat'><strong>22)</strong></span> <span class='ocrx_word' id='word_1_177' title='bbox 980 2481 1090 2565; x_wconf 89' lang='lat' dir='ltr'><strong>qui</strong></span> <span class='ocrx_word' id='word_1_178' title='bbox 1131 2482 1257 2547; x_wconf 89' lang='lat' dir='ltr'><strong>huc</strong></span> <span class='ocrx_word' id='word_1_179' title='bbox 1297 2502 1430 2546; x_wconf 91' lang='lat' dir='ltr'><strong>non</strong></span> <span class='ocrx_word' id='word_1_180' title='bbox 1473 2481 1777 2565; x_wconf 79' lang='lat' dir='ltr'><strong>pertinet.</strong></span> 
     </span>
    </p>

    <p class='ocr_par' dir='ltr' id='par_1_4' title="bbox 828 2579 3180 3363">
     <span class='ocr_line' id='line_1_22' title="bbox 996 2579 3178 2663; baseline -0.001 -15"><span class='ocrx_word' id='word_1_181' title='bbox 996 2582 1077 2650; x_wconf 93' lang='lat' dir='ltr'><strong>In</strong></span> <span class='ocrx_word' id='word_1_182' title='bbox 1131 2582 1497 2649; x_wconf 85' lang='lat' dir='ltr'><strong>universum</strong></span> <span class='ocrx_word' id='word_1_183' title='bbox 1552 2588 1768 2650; x_wconf 88' lang='lat' dir='ltr'><strong>autem</strong></span> <span class='ocrx_word' id='word_1_184' title='bbox 1825 2602 1906 2650; x_wconf 82' lang='lat' dir='ltr'><strong>ex</strong></span> <span class='ocrx_word' id='word_1_185' title='bbox 1962 2582 2086 2649; x_wconf 84' lang='lat' dir='ltr'><strong>hac</strong></span> <span class='ocrx_word' id='word_1_186' title='bbox 2142 2580 2394 2663; x_wconf 84' lang='lat' dir='ltr'><strong>fabula,</strong></span> <span class='ocrx_word' id='word_1_187' title='bbox 2469 2580 2525 2647; x_wconf 89' lang='lat' dir='ltr'><strong>si</strong></span> <span class='ocrx_word' id='word_1_188' title='bbox 2598 2580 2691 2646; x_wconf 90' lang='lat' dir='ltr'><strong>ita</strong></span> <span class='ocrx_word' id='word_1_189' title='bbox 2758 2579 2976 2647; x_wconf 90' lang='lat' dir='ltr'><strong>dicere</strong></span> <span class='ocrx_word' id='word_1_190' title='bbox 3036 2580 3178 2648; x_wconf 86' lang='lat' dir='ltr'><strong>licet</strong></span> 
     </span>
     <span class='ocr_line' id='line_1_23' title="bbox 829 2682 3176 2770; baseline -0.003 -17"><span class='ocrx_word' id='word_1_191' title='bbox 829 2684 1196 2770; x_wconf 83' lang='lat' dir='ltr'><strong>exemplum</strong></span> <span class='ocrx_word' id='word_1_192' title='bbox 1251 2703 1375 2768; x_wconf 92' lang='lat' dir='ltr'><strong>quo</strong></span> <span class='ocrx_word' id='word_1_193' title='bbox 1428 2704 1582 2751; x_wconf 91' lang='lat' dir='ltr'><strong>usus</strong></span> <span class='ocrx_word' id='word_1_194' title='bbox 1639 2690 1736 2750; x_wconf 90' lang='lat' dir='ltr'><strong>est</strong></span> <span class='ocrx_word' id='word_1_195' title='bbox 1783 2683 2205 2768; x_wconf 84' lang='lat' dir='ltr'><strong>philosophus</strong></span> <span class='ocrx_word' id='word_1_196' title='bbox 2220 2732 2236 2764; x_wconf 91' lang='lat'>,</span> <span class='ocrx_word' id='word_1_197' title='bbox 2311 2684 2520 2750; x_wconf 91' lang='lat' dir='ltr'><strong>elucet</strong></span> <span class='ocrx_word' id='word_1_198' title='bbox 2574 2702 2765 2749; x_wconf 86' lang='lat' dir='ltr'><strong>senas</strong></span> <span class='ocrx_word' id='word_1_199' title='bbox 2824 2682 3176 2753; x_wconf 82' lang='lat' dir='ltr'><strong>animarum</strong></span> 
     </span>
     <span class='ocr_line' id='line_1_24' title="bbox 829 2784 3179 2869; baseline -0 -18"><span class='ocrx_word' id='word_1_200' title='bbox 829 2787 1254 2852; x_wconf 91' lang='lat' dir='ltr'><strong>humanarum</strong></span> <span class='ocrx_word' id='word_1_201' title='bbox 1324 2785 1740 2868; x_wconf 84' lang='lat' dir='ltr'><strong>migrationes</strong></span> <span class='ocrx_word' id='word_1_202' title='bbox 1813 2786 2112 2851; x_wconf 87' lang='lat' dir='ltr'><strong>statuisse</strong></span> <span class='ocrx_word' id='word_1_203' title='bbox 2167 2785 2602 2869; x_wconf 86' lang='lat' dir='ltr'><strong>Pythagoram</strong></span> <span class='ocrx_word' id='word_1_204' title='bbox 2675 2784 2839 2868; x_wconf 90' lang='lat' dir='ltr'><strong>(ipse</strong></span> <span class='ocrx_word' id='word_1_205' title='bbox 2909 2785 3082 2851; x_wconf 92' lang='lat' dir='ltr'><strong>enim</strong></span> <span class='ocrx_word' id='word_1_206' title='bbox 3142 2805 3179 2850; x_wconf 89' lang='lat' dir='ltr'><strong>a</strong></span> 
     </span>
     <span class='ocr_line' id='line_1_25' title="bbox 828 2885 3176 2970; baseline -0 -17"><span class='ocrx_word' id='word_1_207' title='bbox 828 2888 1140 2954; x_wconf 90' lang='lat' dir='ltr'><strong>Mercurio</strong></span> <span class='ocrx_word' id='word_1_208' title='bbox 1206 2887 1295 2955; x_wconf 91' lang='lat' dir='ltr'><strong>ad</strong></span> <span class='ocrx_word' id='word_1_209' title='bbox 1350 2887 1763 2954; x_wconf 87' lang='lat' dir='ltr'><strong>Aethalidem</strong></span> <span class='ocrx_word' id='word_1_210' title='bbox 1779 2936 1797 2970; x_wconf 87' lang='lat'><em>‚</em></span> <span class='ocrx_word' id='word_1_211' title='bbox 1871 2887 1954 2952; x_wconf 88' lang='lat' dir='ltr'><strong>ab</strong></span> <span class='ocrx_word' id='word_1_212' title='bbox 2014 2885 2359 2952; x_wconf 90' lang='lat' dir='ltr'><strong>Aethalide</strong></span> <span class='ocrx_word' id='word_1_213' title='bbox 2429 2885 2517 2952; x_wconf 89' lang='lat' dir='ltr'><strong>ad</strong></span> <span class='ocrx_word' id='word_1_214' title='bbox 2574 2885 3025 2969; x_wconf 86' lang='lat' dir='ltr'><strong>Euphorbum,</strong></span> <span class='ocrx_word' id='word_1_215' title='bbox 3099 2887 3176 2952; x_wconf 89' lang='lat' dir='ltr'><strong>ab</strong></span> 
     </span>
     <span class='ocr_line' id='line_1_26' title="bbox 831 2987 3177 3073; baseline 0 -17"><span class='ocrx_word' id='word_1_216' title='bbox 831 2989 1181 3073; x_wconf 87' lang='lat' dir='ltr'><strong>Euphorbo</strong></span> <span class='ocrx_word' id='word_1_217' title='bbox 1240 2987 1327 3055; x_wconf 91' lang='lat' dir='ltr'><strong>ad</strong></span> <span class='ocrx_word' id='word_1_218' title='bbox 1386 2987 1796 3072; x_wconf 85' lang='lat' dir='ltr'><strong>Creophilum</strong></span> <span class='ocrx_word' id='word_1_219' title='bbox 1811 3037 1828 3072; x_wconf 90' lang='lat'>‚</span> <span class='ocrx_word' id='word_1_220' title='bbox 1902 2989 1986 3054; x_wconf 91' lang='lat' dir='ltr'><strong>ab</strong></span> <span class='ocrx_word' id='word_1_221' title='bbox 2050 2988 2172 3054; x_wconf 91' lang='lat' dir='ltr'><strong>hoc</strong></span> <span class='ocrx_word' id='word_1_222' title='bbox 2229 2987 2317 3053; x_wconf 92' lang='lat' dir='ltr'><strong>ad</strong></span> <span class='ocrx_word' id='word_1_223' title='bbox 2373 2987 2689 3072; x_wconf 91' lang='lat' dir='ltr'><strong>Pyrrhum</strong></span> <span class='ocrx_word' id='word_1_224' title='bbox 2748 2995 3177 3072; x_wconf 86' lang='lat' dir='ltr'><strong>transgressus</strong></span> 
     </span>
     <span class='ocr_line' id='line_1_27' title="bbox 829 3088 3180 3176; baseline 0 -20"><span class='ocrx_word' id='word_1_225' title='bbox 829 3098 1152 3176; x_wconf 88' lang='lat' dir='ltr'><strong>postremo</strong></span> <span class='ocrx_word' id='word_1_226' title='bbox 1196 3090 1598 3176; x_wconf 88' lang='lat' dir='ltr'><strong>Pythagoras</strong></span> <span class='ocrx_word' id='word_1_227' title='bbox 1653 3089 1857 3156; x_wconf 85' lang='lat' dir='ltr'><strong>factus</strong></span> <span class='ocrx_word' id='word_1_228' title='bbox 1915 3095 2068 3172; x_wconf 90' lang='lat' dir='ltr'><strong>est),</strong></span> <span class='ocrx_word' id='word_1_229' title='bbox 2133 3088 2306 3172; x_wconf 92' lang='lat' dir='ltr'><strong>quod</strong></span> <span class='ocrx_word' id='word_1_230' title='bbox 2360 3107 2694 3155; x_wconf 88' lang='lat' dir='ltr'><strong>commune</strong></span> <span class='ocrx_word' id='word_1_231' title='bbox 2753 3090 2814 3156; x_wconf 93' lang='lat' dir='ltr'><strong>ei</strong></span> <span class='ocrx_word' id='word_1_232' title='bbox 2869 3090 2990 3155; x_wconf 87' lang='lat' dir='ltr'><strong>fuit</strong></span> <span class='ocrx_word' id='word_1_233' title='bbox 3044 3111 3180 3157; x_wconf 88' lang='lat' dir='ltr'><strong>cum</strong></span> 
     </span>
     <span class='ocr_line' id='line_1_28' title="bbox 832 3190 3178 3276; baseline -0 -16"><span class='ocrx_word' id='word_1_234' title='bbox 832 3190 1130 3276; x_wconf 89' lang='lat' dir='ltr'><strong>Orphicis</strong></span> <span class='ocrx_word' id='word_1_235' title='bbox 1193 3213 1460 3275; x_wconf 91' lang='lat' dir='ltr'><strong>quorum</strong></span> <span class='ocrx_word' id='word_1_236' title='bbox 1525 3212 1781 3258; x_wconf 83' lang='lat' dir='ltr'><strong>versum</strong></span> <span class='ocrx_word' id='word_1_237' title='bbox 1835 3191 2022 3257; x_wconf 89' lang='lat' dir='ltr'><strong>Plato</strong></span> <span class='ocrx_word' id='word_1_238' title='bbox 2090 3190 2363 3270; x_wconf 91' lang='lat' dir='ltr'><strong>(Phileb.</strong></span> <span class='ocrx_word' id='word_1_239' title='bbox 2436 3211 2501 3275; x_wconf 94' lang='lat' dir='ltr'><strong>p.</strong></span> <span class='ocrx_word' id='word_1_240' title='bbox 2548 3192 2674 3266; x_wconf 90' lang='grc'><strong>66.)</strong></span> <span class='ocrx_word' id='word_1_241' title='bbox 2748 3212 2863 3275; x_wconf 93' lang='lat' dir='ltr'><strong>pro</strong></span> <span class='ocrx_word' id='word_1_242' title='bbox 2935 3193 3178 3260; x_wconf 86' lang='lat' dir='ltr'><strong>ratione</strong></span> 
     </span>
     <span class='ocr_line' id='line_1_29' title="bbox 833 3291 2163 3363; baseline -0.002 -4"><span class='ocrx_word' id='word_1_243' title='bbox 833 3292 1399 3363; x_wconf 84' lang='lat' dir='ltr'><strong>demonstrationis</strong></span> <span class='ocrx_word' id='word_1_244' title='bbox 1443 3313 1598 3361; x_wconf 89' lang='lat' dir='ltr'><strong>suae</strong></span> <span class='ocrx_word' id='word_1_245' title='bbox 1639 3295 1730 3360; x_wconf 88' lang='lat' dir='ltr'><strong>sic</strong></span> <span class='ocrx_word' id='word_1_246' title='bbox 1772 3291 2163 3359; x_wconf 86' lang='lat' dir='ltr'><strong>immutavit:</strong></span> 
     </span>
    </p>
   </div>
   <div class='ocr_carea' id='block_1_3' title="bbox 831 3564 3176 3983">
    <p class='ocr_par' dir='ltr' id='par_1_5' title="bbox 831 3564 3176 3983">
     <span class='ocr_line' id='line_1_30' title="bbox 970 3564 3173 3632; baseline 0 -16"><span class='ocrx_word' id='word_1_247' title='bbox 970 3564 1008 3627; x_wconf 90' lang='lat'><strong>¹)</strong></span> <span class='ocrx_word' id='word_1_248' title='bbox 1054 3565 1174 3616; x_wconf 86' lang='lat' dir='ltr'><strong>Non</strong></span> <span class='ocrx_word' id='word_1_249' title='bbox 1221 3570 1431 3631; x_wconf 86' lang='lat' dir='ltr'><strong>propter</strong></span> <span class='ocrx_word' id='word_1_250' title='bbox 1464 3564 1738 3615; x_wconf 83' lang='lat' dir='ltr'><strong>Boethium</strong></span> <span class='ocrx_word' id='word_1_251' title='bbox 1776 3565 1866 3623; x_wconf 88' lang='grc' dir='ltr'><strong>(Π.</strong></span> <span class='ocrx_word' id='word_1_252' title='bbox 1914 3580 1962 3629; x_wconf 85' lang='lat' dir='ltr'><strong>p.</strong></span> <span class='ocrx_word' id='word_1_253' title='bbox 2001 3565 2136 3628; x_wconf 84' lang='lat'><strong>623.)</strong></span> <span class='ocrx_word' id='word_1_254' title='bbox 2182 3564 2281 3615; x_wconf 74' lang='lat' dir='ltr'><strong>hou</strong></span> <span class='ocrx_word' id='word_1_255' title='bbox 2324 3579 2505 3614; x_wconf 85' lang='lat' dir='ltr'><strong>moneo</strong></span> <span class='ocrx_word' id='word_1_256' title='bbox 2557 3565 2647 3629; x_wconf 90' lang='lat' dir='ltr'><strong>qui</strong></span> <span class='ocrx_word' id='word_1_257' title='bbox 2693 3569 2961 3630; x_wconf 87' lang='lat' dir='ltr'><strong>postquam</strong></span> <span class='ocrx_word' id='word_1_258' title='bbox 2996 3566 3173 3632; x_wconf 79' lang='lat' dir='ltr'><strong>Pytha·</strong></span> 
     </span>
     <span class='ocr_line' id='line_1_31' title="bbox 831 3647 3176 3717; baseline 0.001 -18"><span class='ocrx_word' id='word_1_259' title='bbox 831 3664 1008 3717; x_wconf 72' lang='lat' dir='ltr'><strong>goram</strong></span> <span class='ocrx_word' id='word_1_260' title='bbox 1041 3649 1187 3714; x_wconf 88' lang='lat' dir='ltr'><strong>quasi</strong></span> <span class='ocrx_word' id='word_1_261' title='bbox 1210 3649 1425 3700; x_wconf 87' lang='lat' dir='ltr'><strong>alterum</strong></span> <span class='ocrx_word' id='word_1_262' title='bbox 1447 3649 1723 3699; x_wconf 81' lang='lat' dir='ltr'><strong>Homerum</strong></span> <span class='ocrx_word' id='word_1_263' title='bbox 1759 3649 1913 3699; x_wconf 83' lang='lat' dir='ltr'><strong>fuisse</strong></span> <span class='ocrx_word' id='word_1_264' title='bbox 1949 3648 2078 3699; x_wconf 87' lang='lat' dir='ltr'><strong>miro</strong></span> <span class='ocrx_word' id='word_1_265' title='bbox 2113 3648 2379 3698; x_wconf 86' lang='lat' dir='ltr'><strong>conamine</strong></span> <span class='ocrx_word' id='word_1_266' title='bbox 2414 3647 2594 3699; x_wconf 82' lang='lat' dir='ltr'><strong>docere</strong></span> <span class='ocrx_word' id='word_1_267' title='bbox 2629 3653 2841 3700; x_wconf 82' lang='lat' dir='ltr'><strong>conatus</strong></span> <span class='ocrx_word' id='word_1_268' title='bbox 2876 3654 2971 3714; x_wconf 86' lang='lat' dir='ltr'><strong>est,</strong></span> <span class='ocrx_word' id='word_1_269' title='bbox 3007 3655 3176 3716; x_wconf 81' lang='lat' dir='ltr'><strong>utpote</strong></span> 
     </span>
     <span class='ocr_line' id='line_1_32' title="bbox 834 3722 3176 3804; baseline 0.001 -20"><span class='ocrx_word' id='word_1_270' title='bbox 834 3733 930 3801; x_wconf 87' lang='lat' dir='ltr'><strong>qui</strong></span> <span class='ocrx_word' id='word_1_271' title='bbox 964 3733 1300 3799; x_wconf 78' lang='lat' dir='ltr'><strong>Orphicorum</strong></span> <span class='ocrx_word' id='word_1_272' title='bbox 1336 3728 1486 3802; x_wconf 79' lang='grc' dir='ltr'><em>ἱερὸν</em></span> <span class='ocrx_word' id='word_1_273' title='bbox 1518 3729 1686 3799; x_wconf 81' lang='grc' dir='ltr'><strong><em>λόγον</em></strong></span> <span class='ocrx_word' id='word_1_274' title='bbox 1718 3732 1929 3784; x_wconf 80' lang='lat' dir='ltr'>XXIIII</span> <span class='ocrx_word' id='word_1_275' title='bbox 1963 3732 2111 3784; x_wconf 84' lang='lat' dir='ltr'><strong>libris</strong></span> <span class='ocrx_word' id='word_1_276' title='bbox 2144 3732 2464 3798; x_wconf 81' lang='lat' dir='ltr'><strong>rhapsodicis</strong></span> <span class='ocrx_word' id='word_1_277' title='bbox 2510 3749 2623 3784; x_wconf 87' lang='lat' dir='ltr'><strong>cum</strong></span> <span class='ocrx_word' id='word_1_278' title='bbox 2661 3735 2864 3800; x_wconf 82' lang='lat' dir='ltr'><strong>epilogo</strong></span> <span class='ocrx_word' id='word_1_279' title='bbox 2910 3736 3027 3786; x_wconf 75' lang='grc' dir='ltr'><strong>τῶν</strong></span> <span class='ocrx_word' id='word_1_280' title='bbox 3054 3722 3176 3804; x_wconf 52' lang='grc' dir='ltr'><strong>χρῶ-</strong></span> 
     </span>
     <span class='ocr_line' id='line_1_33' title="bbox 836 3813 3175 3885; baseline 0 -16"><span class='ocrx_word' id='word_1_281' title='bbox 836 3821 953 3869; x_wconf 80' lang='grc' dir='ltr'><strong>σῶν</strong></span> <span class='ocrx_word' id='word_1_282' title='bbox 987 3814 1134 3868; x_wconf 79' lang='grc' dir='ltr'><strong>ἐπῶν</strong></span> <span class='ocrx_word' id='word_1_283' title='bbox 1168 3819 1553 3885; x_wconf 84' lang='lat' dir='ltr'><strong>composuisset,</strong></span> <span class='ocrx_word' id='word_1_284' title='bbox 1585 3818 1900 3869; x_wconf 85' lang='lat' dir='ltr'><strong>mirabiliore</strong></span> <span class='ocrx_word' id='word_1_285' title='bbox 1935 3820 2090 3869; x_wconf 88' lang='lat' dir='ltr'><strong>etiam</strong></span> <span class='ocrx_word' id='word_1_286' title='bbox 2123 3813 2537 3885; x_wconf 77' lang='grc' dir='ltr'><strong><em>ἔαυτολατρεὶας</em></strong></span> <span class='ocrx_word' id='word_1_287' title='bbox 2569 3817 2705 3868; x_wconf 78' lang='lat' dir='ltr'><strong>fastu</strong></span> <span class='ocrx_word' id='word_1_288' title='bbox 2739 3821 2911 3884; x_wconf 83' lang='lat' dir='ltr'><strong>ipsum</strong></span> <span class='ocrx_word' id='word_1_289' title='bbox 2942 3836 3175 3872; x_wconf 87' lang='lat' dir='ltr'><strong>conamen</strong></span> 
     </span>
     <span class='ocr_line' id='line_1_34' title="bbox 834 3901 3173 3983; baseline 0.001 -31"><span class='ocrx_word' id='word_1_290' title='bbox 834 3902 1096 3968; x_wconf 83' lang='lat' dir='ltr'><strong>superavit</strong></span> <span class='ocrx_word' id='word_1_291' title='bbox 1139 3917 1194 3968; x_wconf 83' lang='lat' dir='ltr'><strong>p.</strong></span> <span class='ocrx_word' id='word_1_292' title='bbox 1230 3905 1376 3968; x_wconf 67' lang='lat'><strong>743„</strong></span> <span class='ocrx_word' id='word_1_293' title='bbox 1424 3902 1510 3983; x_wconf 74' lang='lat' dir='ltr'><strong>sed</strong></span> <span class='ocrx_word' id='word_1_294' title='bbox 1558 3919 1735 3953; x_wconf 89' lang='lat' dir='ltr'><strong>moneo</strong></span> <span class='ocrx_word' id='word_1_295' title='bbox 1784 3908 2053 3968; x_wconf 86' lang='lat' dir='ltr'><strong>propterea</strong></span> <span class='ocrx_word' id='word_1_296' title='bbox 2101 3901 2237 3968; x_wconf 89' lang='lat' dir='ltr'><strong>quod</strong></span> <span class='ocrx_word' id='word_1_297' title='bbox 2283 3917 2429 3952; x_wconf 88' lang='lat' dir='ltr'><strong>nemo</strong></span> <span class='ocrx_word' id='word_1_298' title='bbox 2461 3902 2799 3969; x_wconf 83' lang='lat' dir='ltr'><strong>philosophus</strong></span> <span class='ocrx_word' id='word_1_299' title='bbox 2834 3906 3040 3956; x_wconf 87' lang='lat' dir='ltr'><strong>omnino</strong></span> <span class='ocrx_word' id='word_1_300' title='bbox 3075 3906 3173 3955; x_wconf 84' lang='lat' dir='ltr'><strong>sine</strong></span> 
     </span>
    </p>
   </div>
   <div class='ocr_carea' id='block_1_4' title="bbox 833 3986 3174 4227">
    <p class='ocr_par' dir='ltr' id='par_1_6' title="bbox 833 3986 3174 4227">
     <span class='ocr_line' id='line_1_35' title="bbox 833 3986 3174 4054; baseline 0.001 -17"><span class='ocrx_word' id='word_1_301' title='bbox 833 3986 1048 4052; x_wconf 85' lang='lat' dir='ltr'><strong>ingenio</strong></span> <span class='ocrx_word' id='word_1_302' title='bbox 1092 3987 1295 4053; x_wconf 85' lang='lat' dir='ltr'><strong>poetico</strong></span> <span class='ocrx_word' id='word_1_303' title='bbox 1342 3987 1540 4054; x_wconf 85' lang='lat' dir='ltr'><strong>operari</strong></span> <span class='ocrx_word' id='word_1_304' title='bbox 1584 3994 1768 4053; x_wconf 86' lang='lat' dir='ltr'><strong>potest.</strong></span> <span class='ocrx_word' id='word_1_305' title='bbox 1847 3988 1991 4049; x_wconf 87' lang='lat' dir='ltr'><strong>Quod</strong></span> <span class='ocrx_word' id='word_1_306' title='bbox 2035 3987 2292 4038; x_wconf 81' lang='lat' dir='ltr'><strong>intellexit</strong></span> <span class='ocrx_word' id='word_1_307' title='bbox 2335 3987 2668 4054; x_wconf 81' lang='lat' dir='ltr'><strong>Pythagoras.</strong></span> <span class='ocrx_word' id='word_1_308' title='bbox 2806 3987 2845 4053; x_wconf 74' lang='lat'><strong>³)</strong></span> <span class='ocrx_word' id='word_1_309' title='bbox 2888 3990 3006 4039; x_wconf 78' lang='lat' dir='ltr'><strong>‘Hos</strong></span> <span class='ocrx_word' id='word_1_310' title='bbox 3056 3990 3174 4040; x_wconf 83' lang='lat' dir='ltr'><strong>solos</strong></span> 
     </span>
     <span class='ocr_line' id='line_1_36' title="bbox 836 4071 3174 4141; baseline 0.001 -18"><span class='ocrx_word' id='word_1_311' title='bbox 836 4071 1069 4137; x_wconf 84' lang='lat' dir='ltr'><strong>sequitur</strong></span> <span class='ocrx_word' id='word_1_312' title='bbox 1116 4071 1363 4121; x_wconf 80' lang='lat' dir='ltr'><strong>Boethius</strong></span> <span class='ocrx_word' id='word_1_313' title='bbox 1410 4071 1483 4122; x_wconf 89' lang='lat' dir='ltr'><strong>H.</strong></span> <span class='ocrx_word' id='word_1_314' title='bbox 1522 4087 1577 4137; x_wconf 86' lang='lat' dir='ltr'><strong>p.</strong></span> <span class='ocrx_word' id='word_1_315' title='bbox 1617 4074 1732 4125; x_wconf 75' lang='lat'><strong>717.</strong></span> <span class='ocrx_word' id='word_1_316' title='bbox 1870 4072 1907 4137; x_wconf 81' lang='lat'><strong>⁸)</strong></span> <span class='ocrx_word' id='word_1_317' title='bbox 1954 4072 2059 4123; x_wconf 83' lang='lat' dir='ltr'><strong>Hie</strong></span> <span class='ocrx_word' id='word_1_318' title='bbox 2104 4071 2350 4123; x_wconf 79' lang='lat' dir='ltr'><strong>callidem</strong></span> <span class='ocrx_word' id='word_1_319' title='bbox 2394 4072 2646 4137; x_wconf 87' lang='lat' dir='ltr'><strong>quendam</strong></span> <span class='ocrx_word' id='word_1_320' title='bbox 2689 4077 2806 4138; x_wconf 85' lang='lat' dir='ltr'><strong>post</strong></span> <span class='ocrx_word' id='word_1_321' title='bbox 2851 4075 3174 4141; x_wconf 87' lang='lat' dir='ltr'><strong>Euphorbum</strong></span> 
     </span>
     <span class='ocr_line' id='line_1_37' title="bbox 836 4154 3174 4227; baseline 0.002 -21"><span class='ocrx_word' id='word_1_322' title='bbox 836 4156 1139 4207; x_wconf 80' lang='lat' dir='ltr'><strong>nominavit.</strong></span> <span class='ocrx_word' id='word_1_323' title='bbox 1275 4155 1317 4220; x_wconf 81' lang='lat'><strong>⁴)</strong></span> <span class='ocrx_word' id='word_1_324' title='bbox 1364 4155 1512 4206; x_wconf 82' lang='lat' dir='ltr'><strong>Nihil</strong></span> <span class='ocrx_word' id='word_1_325' title='bbox 1557 4173 1820 4208; x_wconf 86' lang='lat' dir='ltr'><strong>commune</strong></span> <span class='ocrx_word' id='word_1_326' title='bbox 1866 4154 2019 4209; x_wconf 82' lang='lat' dir='ltr'><strong>habet</strong></span> <span class='ocrx_word' id='word_1_327' title='bbox 2070 4172 2185 4207; x_wconf 83' lang='lat' dir='ltr'><strong>eum</strong></span> <span class='ocrx_word' id='word_1_328' title='bbox 2231 4157 2404 4223; x_wconf 88' lang='lat' dir='ltr'><strong>aliquo</strong></span> <span class='ocrx_word' id='word_1_329' title='bbox 2450 4155 2629 4226; x_wconf 76' lang='grc' dir='ltr'><strong><em>Δηλίῳ</em></strong></span> <span class='ocrx_word' id='word_1_330' title='bbox 2675 4157 2986 4227; x_wconf 75' lang='grc' dir='ltr'><strong><em>κολυμβητῇ</em></strong></span> <span class='ocrx_word' id='word_1_331' title='bbox 3043 4160 3174 4210; x_wconf 79' lang='lat' dir='ltr'><strong>cuius</strong></span> 
     </span>
    </p>
   </div>
   <div class='ocr_carea' id='block_1_5' title="bbox 836 4239 3171 4391">
    <p class='ocr_par' dir='ltr' id='par_1_7' title="bbox 836 4239 3171 4391">
     <span class='ocr_line' id='line_1_38' title="bbox 836 4239 3171 4306; baseline 0.001 -14"><span class='ocrx_word' id='word_1_332' title='bbox 836 4241 1127 4292; x_wconf 80' lang='lat' dir='ltr'><strong>meminisse</strong></span> <span class='ocrx_word' id='word_1_333' title='bbox 1161 4239 1353 4291; x_wconf 83' lang='lat' dir='ltr'><strong>dicitur</strong></span> <span class='ocrx_word' id='word_1_334' title='bbox 1385 4240 1617 4292; x_wconf 82' lang='lat' dir='ltr'><strong>Socrates</strong></span> <span class='ocrx_word' id='word_1_335' title='bbox 1652 4257 1808 4306; x_wconf 89' lang='lat' dir='ltr'><strong>quum</strong></span> <span class='ocrx_word' id='word_1_336' title='bbox 1842 4242 1904 4293; x_wconf 90' lang='lat' dir='ltr'><strong>de</strong></span> <span class='ocrx_word' id='word_1_337' title='bbox 1937 4240 2150 4293; x_wconf 84' lang='lat' dir='ltr'><strong>obscuro</strong></span> <span class='ocrx_word' id='word_1_338' title='bbox 2185 4242 2439 4294; x_wconf 76' lang='lat' dir='ltr'><strong>Heracliti</strong></span> <span class='ocrx_word' id='word_1_339' title='bbox 2471 4241 2606 4294; x_wconf 84' lang='lat' dir='ltr'><strong>libro</strong></span> <span class='ocrx_word' id='word_1_340' title='bbox 2640 4243 2801 4295; x_wconf 82' lang='lat' dir='ltr'><strong>facete</strong></span> <span class='ocrx_word' id='word_1_341' title='bbox 2835 4259 3009 4294; x_wconf 85' lang='lat' dir='ltr'><strong>eoram</strong></span> <span class='ocrx_word' id='word_1_342' title='bbox 3034 4246 3171 4295; x_wconf 84' lang='lat' dir='ltr'><strong>Euri·</strong></span> 
     </span>
     <span class='ocr_line' id='line_1_39' title="bbox 838 4323 1908 4391; baseline 0.005 -16"><span class='ocrx_word' id='word_1_343' title='bbox 838 4323 959 4389; x_wconf 81' lang='lat' dir='ltr'><strong>pide</strong></span> <span class='ocrx_word' id='word_1_344' title='bbox 995 4325 1260 4377; x_wconf 81' lang='lat' dir='ltr'><strong>iudicaret.</strong></span> <span class='ocrx_word' id='word_1_345' title='bbox 1317 4325 1467 4391; x_wconf 83' lang='lat' dir='ltr'><strong>Diog.</strong></span> <span class='ocrx_word' id='word_1_346' title='bbox 1505 4325 1675 4377; x_wconf 84' lang='lat' dir='ltr'><strong>Laert.</strong></span> <span class='ocrx_word' id='word_1_347' title='bbox 1714 4326 1788 4390; x_wconf 84' lang='lat'><strong>11,</strong></span> <span class='ocrx_word' id='word_1_348' title='bbox 1825 4328 1908 4379; x_wconf 85' lang='lat'><strong>22.</strong></span> 
     </span>
    </p>
   </div>
   <div class='ocr_carea' id='block_1_6' title="bbox 1235 4421 3424 5204">
    <p class='ocr_par' dir='ltr' id='par_1_8' title="bbox 1235 4421 3424 5204">
     <span class='ocr_line' id='line_1_40' title="bbox 1235 4421 3424 5204; baseline 0 15"><span class='ocrx_word' id='word_1_349' title='bbox 1235 4421 3424 5204; x_wconf 95' lang='lat' dir='ltr'><strong> </strong></span> 
     </span>
    </p>
   </div>
  </div>
 </body>
</html>
