3499 5219
1251 441 1386 450 --
1473 409 1589 470 211
1672 445 1816 506 .—

527 574 628 639 De
685 574 912 641 ceteris
968 575 1261 659 personis
1334 596 1492 657 quas
1548 575 1819 644 subiisse
1874 599 1945 646 se
2003 578 2252 646 dixerat
2308 580 2712 666 Pythagoras

354 695 489 741 non
534 677 688 742 satis
734 682 1014 761 constat3
1071 677 1215 760 ipsa
1274 677 1440 743 enim
1491 680 1757 745 nomina
1800 702 1929 745 non
1974 688 2147 746 certa
2190 690 2357 747 sunt.
2446 683 2709 750 Hermo-

354 780 579 844 timum
625 779 794 846 enim
840 780 1122 845 Samium
1166 799 1296 844 non
1340 780 1512 845 novi.
1590 782 1899 848 Boethius
1922 782 2200 865 'quidem
2230 784 2394 851 Hist.
2427 786 2583 868 phil.
2618 787 2704 867 ΙΙ,

354 904 419 965 p.
469 886 644 965 718„
688 882 789 946 vir
830 888 1051 947 acutus
1094 887 1286 964 atque
1332 881 1583 965 doctuS,
1631 883 1748 949 sed
1790 886 2012 967 paullo
2055 885 2500 969 imaginosior,
2548 888 2709 953 miro

357 1004 562 1067 eoque
621 983 876 1068 duplici
919 1001 1131 1049 errore
1186 982 1336 1047 111110
1393 985 1586 1049 tacite
1644 984 1969 1051 substituit
2024 987 2486 1053 Hermotimum
2530 991 2710 1056 Mile·

355 1089 551 1169 sium,
629 1106 815 1168 quem
881 1085 1036 1151 dicit
1093 1086 1412 1150 celebrem
1467 1084 1664 1152 fuisse
1720 1094 1984 1171 propter
2035 1090 2564 1158 resurrectionem
2626 1113 2707 1158 ex

353 1196 577 1254 morte.
677 1190 761 1254 At
831 1188 887 1253 is
942 1187 1404 1269 Hermotimus,
1481 1208 1667 1270 quem
1718 1189 2151 1275 Anaxagorae
2221 1200 2703 1277 praeceptorem

354 1292 608 1373 dicunt,
683 1297 820 1356 erat
891 1289 1366 1371 Clazomenius,
1441 1307 1571 1354 non
1642 1290 1961 1373 Milesius,
2035 1292 2491 1376 aliquantoque
2558 1307 2710 1379 post

353 1393 789 1478 Pythagoram
846 1391 1029 1455 vixit.
1129 1390 1267 1470 Quo
1325 1389 1515 1455 modo
1571 1390 1764 1474 igitur
1817 1392 1966 1458 111110
2020 1393 2089 1459 111
2143 1403 2422 1460 mentem
2482 1399 2703 1463 venire

351 1496 562 1580 potuit
605 1493 924 1577 cogitatiO,
972 1513 1040 1559 se
1087 1494 1230 1556 olim
1272 1493 1470 1559 fuisse
1510 1492 2022 1559 Hermotimum?
2109 1495 2239 1562 Sed
2284 1498 2336 1562 si
2383 1515 2497 1580 pro
2543 1498 2701 1564 Her-

352 1598 616 1661 motimo
647 1596 863 1662 Samio
905 1595 1249 1677 legendum
1286 1602 1455 1661 esset
1481 1594 2027 1661 Hermodamante
2059 1597 2294 1681 SamiO,
2341 1600 2704 1667 concideret

350 1700 631 1782 suspicio
677 1698 759 1763 de
787 1696 1333 1763 Hermodamante
1371 1704 1788 1783 praeceptore
1815 1698 2241 1783 Pythagorae,
2290 1720 2416 1783 qua
2444 1709 2705 1767 utuntur

352 1802 681 1884 Diogenes
723 1800 1016 1865 Laertius
1075 1801 1146 1865 et'
1179 1798 1602 1883 Porphyrius,
1664 1799 1957 1882 nihilque
2011 1800 2472 1883 significaretur
2525 1804 2702 1869 aliud

350 1904 477 1969 nisi
533 1901 811 1967 affinitas
853 1900 1417 1966 Hermodamantis
1474 1907 1537 1965 et
1577 1900 1986 1985 Pythagorae
2043 1902 2112 1967 in
2166 1904 2577 1988 philosophia
2632 1915 2702 1971 ut

351 2004 685 2088 Euphorbi
742 2011 805 2068 et
846 2003 1253 2086 Pythagorae
1309 2002 1378 2066 in
1434 2004 1803 2088 geometria.
1910 2004 2039 2069 Sed
2097 2025 2306 2088 neque
2349 2007 2699 2073 Hermoda-

349 2114 634 2172 mantem
691 2105 972 2171 Samium
1032 2110 1243 2187 (quem
1297 2104 1655 2188 Appuleius
1706 2105 1879 2169 Flor.
1925 2106 2020 2187 II,
2089 2112 2182 2171 15.
2245 2105 2398 2172 dicit
2453 2109 2700 2174 Leoda-

349 2213 657 2286 mantem)
717 2208 1049 2290 quisquam
1107 2207 1628 2271 commemoravit
1682 2215 1939 2291 praeter
1995 2227 2103 2273 eos
2162 2208 2268 2292 qui
2328 2210 2410 2276 de
2461 2212 2699 2296 Pytha-

350 2331 546 2395 gorae
588 2311 724 2376 vita
768 2309 1187 2392 scripserunt3
1242 2314 1459 2373 tamen
1516 2307 1601 2372 ad
1652 2310 2165 2391 cognoscendum
2211 2310 2450 2395 virum,
2510 2333 2696 2395 quem

352 2415 505 2478 olim
550 2432 618 2478 se
662 2412 857 2476 fuisse
892 2410 1295 2495 Pythagoras
1337 2409 1626 2492 finxerat,
1672 2410 1780 2475 via
1825 2413 2141 2493 quaedam
2187 2413 2373 2478 nobis
2417 2416 2701 2499 aperitur

350 2536 427 2583 eo
472 2514 644 2598 quod
687 2512 1151 2578 Hermodamas
1206 2512 1320 2577 ille
1376 2533 1416 2576 a
1472 2512 1795 2595 plerisque
1850 2514 2024 2579 vitae
2067 2514 2475 2599 Pythagorae
2532 2537 2697 2583 com-

349 2618 810 2683 mentatoribus
870 2615 1249 2697 cognomine
1307 2614 1732 2700 Κρεωφιλίου
1789 2617 1895 2682 vel
1951 2614 2348 2701 Κρεωφίλου
2416 2628 2693 2700 ornatur,

350 2742 391 2786 a
448 2721 676 2803 quibus
733 2738 860 2782 uno
909 2717 1051 2781 loco
1107 2717 1301 2801 longe
1354 2716 1566 2782 differt
1620 2714 2013 2783 Iamblichus
2073 2719 2207 2796 (vit.
2251 2720 2438 2804 Pyth.
2489 2725 2547 2803 2,
2609 2726 2694 2799 9.)

350 2823 456 2905 qui
510 2821 957 2887 Mnesarchum
1012 2818 1257 2902 ipsum,
1313 2825 1560 2902 patrem
1616 2819 2052 2904 Pythagorae,
2116 2819 2487 2904 Oreophi10‚
2563 2845 2694 2888 non

348 2923 572 2989 addito
612 2920 1176 2988 Hermodamantis
1218 2920 1497 3001 nomine,
1544 2920 1741 2985 filium
1786 2942 1967 2986 suum
2009 2922 2079 2986 in
2123 2922 2527 3007 disciplinam
2573 2932 2696 2988 tra-

347 3025 591 3091 didisse
642 3030 892 3106 narrat,
963 3023 1166 3087 altero
1226 3025 1319 3102 (2,
1371 3022 1495 3098 11.)
1551 3030 1767 3087 autem
1825 3043 1948 3107 quo
2009 3030 2276 3089 mortem
2332 3025 2694 3091 Mnesarchi

345 3127 881 3207 commemoravit,
926 3125 1134 3208 ipsum
1164 3123 1597 3208 Pythagoram
1627 3130 1854 3208 postea
1883 3132 2359 3208 praeceptorem
2406 3134 2690 3192 secutum

346 3249 488 3295 esse
544 3228 1185 3309 Hermodamantem,
1258 3244 1447 3309 quem
1518 3225 1639 3291 hoc
1701 3228 1842 3291 loco
1909 3227 2287 3309 cognomine
2343 3226 2694 3313 Creophilii

343 3332 678 3413 distinguit
732 3351 773 3394 a
829 3328 1169 3412 Creophilo
1232 3327 1394 3411 ipso.
1494 3325 1817 3394 Credibile
1882 3335 1979 3395 est
2049 3329 2269 3413 igitur,
2345 3327 2691 3415 Oreophili,

346 3454 469 3516 quo
516 3453 704 3498 nemo
750 3430 1107 3497 Samiorum
1148 3435 1299 3495 ante
1342 3429 1778 3514 Pythagoram
1834 3430 2064 3496 clarior
2105 3430 2251 3513 fuit,
2312 3436 2397 3510 (v.
2444 3432 2528 3499 de
2571 3434 2692 3498 hoc

342 3541 539 3618 poeta
581 3534 904 3600 Welcker.
949 3534 1070 3616 Ep.
1117 3530 1293 3616 Cycl.
1338 3531 1403 3613 Ι,
1461 3553 1523 3616 p.
1572 3534 1695 3596 219
1740 3534 1860 3615 sq.)
1920 3552 2199 3617 persona
2256 3552 2327 3599 se
2384 3533 2537 3599 olim
2596 3536 2689 3601 in-

343 3636 589 3717 dutum,
636 3634 1048 3717 doctrinaque
1091 3632 1559 3717 quodammodo
1604 3633 1908 3699 nutritum
1945 3633 2186 3700 dixisse
2215 3635 2689 3721 philosophum.

341 3738 530 3803 Hunc
574 3744 788 3803 autem
832 3736 1242 3819 Creophilum
1284 3735 1634 3817 antiquum,
1681 3736 1858 3801 0111113
1900 3742 2101 3816 aetas,
2159 3735 2213 3800 31
2255 3735 2688 3822 Pythagoram

345 3839 697 3921 docuisset,
770 3857 900 3902 non
973 3836 1287 3919 quadrare
1347 3835 1686 3904 videbatur
1740 3857 1882 3902 cum
1938 3838 2346 3922 Pythagorae
2403 3845 2688 3924 tempore

343 3940 633 4020 (Homeri
703 3939 873 4006 enim
945 3939 1234 4023 aequalis
1303 3938 1501 4005 fuisse
1570 3937 1944 4005 tradebatur
2003 3939 2268 4024 ipseque
2323 3939 2441 4005 fuit
2495 3948 2690 4029 poeta

338 4042 727 4128 rhapsodus)
782 4049 1006 4126 postea
1049 4048 1357 4106 mutatum
1401 4060 1545 4107 esse
1585 4042 1656 4106 in
1700 4040 2134 4126 Creophilium
2178 4042 2528 4126 quendam,
2587 4044 2688 4109 cui

340 4148 449 4213 vel
493 4144 871 4211 Hermotimi
915 4144 1021 4210 vel
1064 4142 1625 4210 Hermodamantis
1679 4163 1916 4210 nomen
1968 4142 2318 4225 adderent,
2377 4149 2447 4208 ut
2492 4143 2686 4209 etiam

341 4255 569 4333 postea
611 4245 1049 4312 Mercurialem
1104 4244 1340 4327 virum,
1398 4244 1441 4308 i.
1488 4263 1541 4309 e.
1589 4265 1629 4308 a
1669 4245 1981 4312 Mercurio
2024 4244 2391 4326 oriundum,
2450 4244 2685 4329 Pytha-

340 4370 562 4434 goram
618 4349 814 4414 fuisse
870 4352 1244 4412 assererent.
1344 4345 1547 4428 Igitur
1598 4346 1770 4411 hunc
1826 4345 2234 4431 Creophilum
2290 4345 2574 4412 Samium
2631 4347 2686 4413 si

2185 4446 2279 4500 14*
