3499 5219
1798 159 1805 198 l

495 656 618 740 DE
661 653 883 738 Loco
921 652 1289 741 ovonAM
1334 657 1429 721 m
1471 656 2105 756 AmsrornANrs
2151 662 2725 758 TRIPQLETE.

603 843 680 906 In
736 862 971 933 magno
1029 862 1293 908 numero
1338 844 1787 910 Mercuriorum
1831 847 2125 930 vialium,
2185 848 2293 929 qui
2334 848 2402 913 in
2445 851 2640 915 attica
2683 871 2778 917 re-

424 945 618 1026 gione
663 944 854 1010 erecti
899 950 1082 1019 erant
1096 993 1112 1026 ‚
1173 936 1608 1011 celebritatem
1665 947 2079 1031 praecipuam
2129 945 2433 1016 habuisse
2476 951 2777 1017 videntur

424 1053 574 1112 tres.
665 1046 846 1111 Vnus
891 1045 1321 1130 quadrifrons‚
1381 1068 1567 1130 quem
1613 1049 2104 1116 Telesarchides
2146 1053 2428 1135 sculptor
2473 1053 2541 1117 in
2587 1041 2773 1119 Cera-

424 1149 589 1212 mico
663 1148 879 1231 posuit
948 1147 1016 1212 in
1087 1148 1274 1212 trivio
1332 1169 1445 1214 seu
1504 1151 1716 1234 potius
1776 1151 2109 1254 quadrivio
2166 1173 2308 1218 cum
2360 1153 2773 1238 inscriptione

425 1251 603 1315 cuius
679 1250 928 1316 initium
1002 1250 1405 1315 conservavit
1466 1252 1839 1318 Eustathius
1910 1231 1996 1319 ad
2059 1253 2246 1319 Iliad.
2305 1251 2549 1339 XXIV,
2625 1253 2767 1322 333.

421 1373 483 1435 p.
536 1355 720 1417 1353.
809 1352 926 1416 Est
969 1358 1182 1417 autem
1227 1351 1380 1417 hoc.

500 1499 709 1608 Ἑρμῆ
738 1501 1147 1603 τετρακεφαλε
1165 1506 1227 1580 ¹),
1271 1501 1459 1566 καλὸν
1494 1504 1959 1606 Τελεσαρχίδου
2005 1502 2198 1604 ἔργον,

504 1584 709 1648 πάνθ’
757 1585 951 1673 ὃράας
996 1583 1136 1666 [ὅσα
1178 1585 1443 1670 πρόσθ’,
1488 1580 1605 1650 όσα
1650 1584 1712 1649 τ’
1760 1589 1824 1650 ἐν
1862 1588 2118 1674 μέσῳ,“
2097 1587 2256 1653 όσσα
2298 1588 2709 1672 &dnm-9021.

422 1758 524 1823 De
569 1756 795 1823 eodem
835 1757 1102 1822 Photius
1144 1757 1301 1823 Lex.
1359 1759 1450 1823 ita
1497 1751 1776 1842 Ἑρμῆς
1831 1759 2444 1846 τετρακέφαλος
2502 1761 2568 1828 ἐν
2617 1768 2766 1829 Κε-

417 1859 812 1943 ραμεικῷ,
875 1858 1350 1940 Τελεσαρχίδου
1397 1858 1602 1943 ἔργον,
1653 1868 1716 1927 et
1760 1861 1952 1926 simili
1996 1862 2186 1927 modo
2228 1864 2620 1949 HesychiuS,
2681 1866 2763 1953 de

418 1961 596 2046 cuius
639 1961 779 2025 loco
822 1968 1049 2045 postca
1093 1958 1462 2027 dixerimus.
1540 1963 1722 2029 Alter
1762 1963 2111 2046 Mercurius
2156 1972 2292 2029 erat
2334 1966 2564 2049 triceps
2609 1972 2765 2047 (τρι-

415 2062 725 2147 κέφαλος)
785 2062 1031 2146 positus
1074 2062 1347 2129 Athenis
1404 2064 1544 2130 sine
1604 2064 1797 2129 dubio
1856 2066 1923 2129 in
1982 2067 2081 2128 via
2140 2067 2372 2129 Vestae.
2464 2068 2630 2135 Vide
2658 2058 2764 2135 'de

351 2192 359 2200 ·
413 2167 536 2231 hoc
580 2166 833 2231 Isaeum
878 2184 982 2248 ap.
1028 2163 1324 2229 Photium
1367 2165 1525 2232 Lex.
1573 2187 1633 2230 v.
1680 2165 2207 2251 τρικέφαλοιε
2261 2161 2497 2246 ’1σαῖος
2557 2169 2622 2234 ἓν
2667 2172 2762 2256 τῷ

413 2262 571 2349 περὶ
629 2258 1017 2329 Εὐκλείδου·
1082 2265 1355 2348 ,,μικρὸν
1420 2259 1484 2331 δ’
1550 2263 1684 2331 ἅνω
1743 2268 1862 2330 τοῦ
1928 2267 2341 2354 Τρικεφάλου
2401 2269 2760 2356 παρὰτὴν

404 2363 657 2432 Ἑστίαν
721 2372 794 2447 (s.
851 2361 1134 2444 Ἑστίας)
1209 2361 1406 2432 ὃδόν“
1480 2366 1556 2432 τὸ
1632 2369 1876 2455 πλῆρές
1952 2368 2092 2434 ἔστι
2164 2375 2281 2434 τοῦ
2353 2371 2752 2461 τρικεφάλου

404 2464 663 2553 Ἑρμοῦ.
783 2470 1035 2535 Tertius
1116 2469 1269 2535 item
1353 2471 1589 2554 triceps
1675 2479 1811 2537 erat
1895 2473 2296 2538 suburbanus
2366 2473 2433 2538 in
2509 2457 2759 2564 Ancyle

408 2572 615 2640 demo,
2183 2623 2187 2626 >
2646 2587 2647 2592 ’

580 2677 681 2741 De
732 2674 852 2738 hoc
894 2673 1159 2739 Photius
1217 2675 1436 2756 paullo
1485 2684 1630 2758 post
1672 2677 1802 2741 alio
1847 2679 2177 2742 lemmate:
2238 2677 2755 2767 τρικέφαλος

410 2773 446 2841 ὃ
489 2773 812 2862 Ἑρμῆς]
861 2775 1057 2840 habet
1100 2775 1295 2840 haec:
1357 2770 1585 2861 ὥσπερ
1646 2774 1972 2842 διδάσκων
2031 2776 2151 2855 τὰς
2202 2772 2396 2855 ὁδοὺς
2439 2779 2543 2843 καὶ
2595 2780 2754 2861 ἔχων

407 2873 822 2963 ὗπογραφήν,
871 2877 1004 2940 ποῦ
1049 2876 1166 2956 μὲν
1213 2870 1374 2960 αὕτη
1423 2881 1609 2962 φέρει
1656 2874 1827 2956 ὁδὸς,
1875 2881 2009 2943 ποῦ
2057 2880 2128 2944 δὲ
2174 2878 2410 2965 ἐκείνη·
2464 2879 2629 2958 ἰ’σως
2681 2882 2750 2947 δὲ

406 2980 578 3065 πρὸς
637 2978 909 3063 ἑκάστην
972 2971 1126 3042 ὁδὸν
1185 2975 1475 3063 κεφαλὴν
1538 2973 1718 3061 εἶχεν.
1794 2976 2011 3044 Ἔστιν
2073 2980 2146 3046 δὲ
2205 2975 2239 3043 ὅ
2300 2968 2579 3060 ἆναθεὶς
2637 2982 2751 3049 τὸν

405 3083 801 3170 τρικέφαλον
841 3073 1088 3161 Ἑρμῆν,
1146 3074 1235 3155 ὥς
1286 3078 1660 3167 Φιλόχορος
1698 3105 1884 3169 φησι,
1927 3081 2354 3168 Προκλείδης,
2394 3077 2750 3169 Ἱππάρχου

403 3183 698 3270 ἐραστής.

573 3290 751 3353 Haec
795 3283 1009 3348 omnia
1051 3282 1349 3365 leguntur
1403 3286 1594 3351 etiam
1649 3286 1824 3370 apud
1867 3286 2435 3370 Harpocrati0nem
2494 3290 2561 3354 in
2620 3289 2750 3355 edi-

402 3392 683 3457 tionibus
728 3395 879 3454 ante
922 3385 1295 3450 Bekkerum
1340 3408 1401 3452 v·
1454 3386 1864 3474 Τρικέφαλος
1902 3381 2161 3474 Ἑρμῆς,
2202 3388 2345 3479 ¹nisi
2393 3390 2563 3473 quod
2605 3397 2750 3474 post

537 3647 571 3710 ¹)
609 3647 682 3695 De
714 3648 945 3709 suspecta
976 3661 1211 3696 mensura
1231 3642 1488 3711 vocabuli,
1517 3644 1601 3692 cui
1636 3642 1786 3692 multi
1808 3642 2013 3693 fuerunt
2037 3643 2126 3707 qui
2161 3640 2521 3711 τετρακάρηνε
2557 3646 2746 3696 rectius

402 3732 797 3792 substituerent,
845 3733 1022 3795 paucis
1071 3731 1176 3781 dixi
1226 3730 1290 3780 ad
1336 3730 1540 3794 Fragm.
1585 3727 1801 3778 Hesiodi
1849 3744 1898 3793 p.
1937 3730 2034 3780 265
2084 3728 2160 3778 ed.
2196 3729 2266 3777 ΙΙ.
2336 3726 2567 3778 Ceterum
2616 3745 2744 3793 quae

400 3817 548 3866 uncis
584 3815 771 3866 inclusi
808 3816 965 3865 animi
1001 3832 1151 3865 eausa
1186 3817 1297 3880 ipse
1334 3813 1567 3880 supplevi
1589 3804 1649 3863 ut
1672 3812 1852 3863 melius
1880 3812 2251 3877 intelligeretur
2279 3814 2532 3862 sententia
2555 3818 2740 3878 poetae

401 3901 509 3967 qui,
544 3900 662 3950 dum
699 3898 827 3949 dicit
862 3903 1024 3952 omnia
1058 3901 1382 3964 Mercurium,
1431 3898 1687 3949 custodem
1722 3898 1934 3963 viarum,
1983 3914 2201 3962 cernere,
2242 3898 2292 3961 (i.
2332 3914 2371 3948 e.
2410 3898 2466 3947 in
2503 3902 2744 3963 quattuor

398 3985 528 4037 coeli
573 3985 749 4049 plagas
799 3986 1105 4050 prospicere)
1155 3986 1298 4036 iubet
1342 3986 1494 4035 etiam
1541 3999 1714 4034 cavere
1762 3987 2137 4048 praetereuntes
2153 4022 2166 4047 ,
2215 3999 2279 4033 ne
2315 3983 2438 4049 quid
2473 3984 2618 4048 pravi
2652 3987 2742 4034 aut

397 4069 541 4119 noxii
578 4069 798 4128 faciant,
848 4070 1264 4134 quemadmodum
1311 4068 1502 4119 similes
1547 4067 1919 4120 admonitiones
1964 4069 2152 4118 hermis
2186 4067 2359 4119 atticis
2392 4068 2741 4119 inscribendas

395 4163 656 4206 curaverat
706 4155 1038 4220 Hipparchus
1085 4160 1354 4221 tyrannm,
1407 4154 1547 4204 velut
1592 4153 1721 4204 illud
1769 4159 1846 4204 est
1887 4155 2063 4221 στεῖχε
2110 4148 2293 4203 δίκαια
2342 4154 2573 4223 φρονῶν
2619 4153 2738 4206 alia.

398 4239 460 4290 V.
497 4240 715 4291 Boeckh.
761 4238 816 4292 C.
852 4240 894 4288 I.
932 4240 974 4290 I.
1020 4255 1072 4306 p.
1107 4242 1187 4293 32.
1257 4239 1405 4289 Nihil
1450 4243 1618 4289 autem
1665 4238 1894 4289 additum
1939 4238 2096 4290 fuisse
2142 4240 2198 4288 in
2245 4237 2579 4302 inscriptione
2625 4242 2741 4333 post

394 4317 568 4374 πάνθ’
612 4320 783 4395 ὁράᾳς
816 4340 921 4376 non
951 4323 1106 4377 facile
1142 4325 1352 4376 credam

2236 4406 2331 4460 16*
