3499 5219
1707 387 1720 391 -
1856 353 2202 417 340—

920 518 1394 605 Qualiscunque
1435 524 1649 586 autem
1693 520 1884 587 fuerit
1924 522 2224 589 Metonici
2273 523 2641 607 heliotropii
2679 525 2845 589 ratio
2887 526 3107 590 solsti-

751 627 983 692 tiorum
1041 631 1330 707 tempora
1384 622 1650 690 eruendi
1708 630 1773 689 et
1826 630 2042 706 partes
2098 625 2228 691 diei
2281 625 2642 707 indicandi,
2700 634 2940 692 certum
3000 634 3107 693 est

750 727 838 794 ab
879 734 1244 793 astronomo
1285 725 1355 792 id
1398 733 1785 792 exstructum
1827 727 1897 790 in
1930 725 2150 810 Pnyce
2191 745 2353 808 esse,
2398 728 2656 809 publico
2700 730 3102 794 comitiorum

753 830 1242 896 Atheniensium
1300 830 1442 894 loco
1457 877 1474 912 ,
1548 828 1723 895 unde
1777 828 2139 894 necessario
2192 830 2600 911 consequitur
2652 829 2889 895 factum
2948 851 3100 896 esse

748 932 1012 1016 publica
1067 932 1258 997 etiam
1314 931 1709 997 auctoritate.
1797 931 1962 995 Tale
1998 929 2169 994 enim
2212 950 2374 1013 opus
2401 930 2701 1013 privatim
2743 932 3100 1014 periclitari

747 1032 818 1099 in
859 1034 1001 1097 loco
1043 1033 1300 1116 publico
1342 1052 1552 1115 neque
1593 1032 1878 1098 licuisset
1905 1032 2167 1112 Metoni,
2209 1051 2418 1115 neque
2458 1033 2598 1115 ipse
2637 1032 2863 1098 fuisset
2901 1053 3097 1099 ausu-

747 1155 857 1201 rus
911 1141 1331 1201 astronomus.
1429 1135 1567 1200 Hoc
1620 1140 1837 1199 autem
1890 1132 2027 1199 fieri
2085 1154 2216 1198 non
2270 1135 2503 1216 potuit,
2571 1133 2700 1199 nisi
2752 1135 2881 1199 iam
2934 1142 3094 1202 ante

754 1257 996 1303 annum
1038 1240 1164 1302 432
1206 1258 1265 1303 a.
1312 1235 1458 1302 Chr.
1531 1236 1765 1302 Pericli
1807 1242 1871 1302 et
1912 1235 2415 1301 Atheniensibus
2456 1237 2876 1319 persuasisset
2915 1237 3093 1301 Meto

617 1418 621 1420 Ἴ
752 1338 839 1404 de
879 1338 1150 1404 veritate
1191 1337 1695 1405 ratiocinationis
1738 1337 1903 1422 cycli
1945 1337 2064 1403 sui.
2151 1336 2284 1403 Sed
2337 1338 2596 1420 publice
2647 1337 2840 1402 etiam
2892 1337 3095 1403 intro-

756 1441 1011 1506 ductam
1056 1461 1198 1507 esse
1238 1439 1570 1524 periodum
1599 1439 1986 1505 Metonicam
2015 1458 2093 1505 eo
2121 1439 2263 1522 ipso
2291 1458 2483 1519 anno,
2527 1458 2651 1521 quo
2680 1438 3092 1505 Ptolemaeus

747 1543 1126 1608 observasse
1179 1542 1502 1608 Metonem
1563 1542 1906 1608 solstitium
1969 1541 2283 1607 aestivum
2334 1539 2718 1621 tradiderat,
2790 1540 2859 1604 id
2913 1541 3092 1624 quod

745 1644 899 1708 olim
941 1646 1208 1727 putabat
1246 1644 1536 1710 Idelerus
1552 1692 1569 1725 ‚
1632 1643 1896 1710 minime
1938 1649 2150 1726 potest
2192 1642 2611 1725 comprobari.
2696 1642 2866 1708 Satis
2908 1643 3084 1709 enim

743 1744 868 1810 hoc
924 1745 1424 1811 demonstratum
1481 1751 1579 1811 est
1634 1745 1716 1810 ab
1775 1745 2110 1811 Redlichio
2170 1745 2240 1809 in
2301 1744 2525 1811 libello
2595 1743 2858 1809 laudato
2921 1750 2988 1810 et
3040 1765 3086 1810 a

743 1845 1074 1913 Boeckhio
1143 1848 1294 1925 (Zur
1348 1847 1735 1913 Geschichte
1802 1845 1915 1913 der
1967 1846 2395 1931 Mondcyclen
2459 1845 2577 1912 der
2625 1844 2947 1910 Hellenen
3014 1845 3085 1909 in

747 1947 963 2014 Iahnii
1003 1949 1240 2014 Annal.
1289 1951 1472 2013 1855.
1516 1947 1740 2031 Suppl.
1786 1948 1838 2012 1.
1883 1971 1946 2033 p.
1985 1954 2061 2013 14
2105 1968 2200 2032 sq.
2262 1948 2487 2031 Suppl.
2532 1947 2617 2011 Π.
2663 1967 2726 2029 p.
2758 1950 2842 2023 3.)
2888 1952 2952 2012 et
2996 1947 3081 2012 ab

739 2051 818 2115 E.
860 2051 1130 2117 Mullero
1175 2049 1468 2134 (Ephem.
1498 2049 1714 2133 Antiq.
1759 2050 1905 2133 XV,
1953 2056 2011 2116 5.
2057 2054 2116 2115 6.
2163 2056 2226 2116 et
2266 2050 2428 2115 Mus.
2457 2048 2663 2115 Rhen.
2693 2048 2858 2113 NoV.
2896 2052 3081 2115 1859.

740 2172 804 2234 p.
850 2156 924 2216 41
938 2154 1001 2230 .).
1087 2152 1267 2232 Quae
1319 2132 1435 2235 pro
1477 2151 1714 2217 Ideleri
1769 2152 2041 2235 pristina
2095 2149 2415 2217 sententia
2469 2149 2736 2233 proferri
2783 2155 3083 2231 poterant

744 2262 1122 2336 argumenta
1177 2253 1532 2337 composuit
1585 2255 1664 2319 A.
1709 2253 2165 2320 Mommsenius
2219 2253 2415 2318 Beitr.
2472 2272 2583 2316 zur
2634 2249 2872 2333 griech.
2917 2251 3084 2317 Zeit-

732 2356 1069 2439 rechnung
1114 2356 1349 2434 (Iahnii
1392 2356 1562 2421 Ann.
1614 2358 1798 2421 1855.
1843 2376 1906 2438 p.
1939 2359 2083 2420 201.
2130 2360 2194 2420 et
2234 2354 2395 2420 Mus.
2440 2353 2647 2419 Rhen.
2691 2352 2856 2424 Nov.
2895 2355 3079 2419 1858.

730 2477 794 2540 p.
839 2460 1028 2533 428.).

1593 2853 2207 2861 —U-—mm—

1508 4292 1683 4344 Lipsiae
1712 4295 1831 4346 typi·
1855 4294 1900 4339 J.
1926 4293 1977 4335 Β.
2003 4293 2268 4335 mutua.
