<?xml version="1.0" encoding="UTF-8"?>
<!DOCTYPE html PUBLIC "-//W3C//DTD XHTML 1.0 Transitional//EN"
    "http://www.w3.org/TR/xhtml1/DTD/xhtml1-transitional.dtd">
<html xmlns="http://www.w3.org/1999/xhtml" xml:lang="en" lang="en">
 <head>
  <title>
</title>
<meta http-equiv="Content-Type" content="text/html;charset=utf-8" />
  <meta name='ocr-system' content='tesseract 3.04.00' />
  <meta name='ocr-capabilities' content='ocr_page ocr_carea ocr_par ocr_line ocrx_word'/>
</head>
<body>
  <div class='ocr_page' id='page_1' title='image "./opusculaacademi00goetgoog_0356.png"; bbox 0 0 3499 5219; ppageno 0'>
   <div class='ocr_carea' id='block_1_1' title="bbox 807 1573 2988 1762">
    <p class='ocr_par' dir='ltr' id='par_1_1' title="bbox 807 1573 2988 1762">
     <span class='ocr_line' id='line_1_1' title="bbox 807 1573 2988 1643; baseline 0.001 -2"><span class='ocrx_word' id='word_1_1' title='bbox 807 1577 928 1641; x_wconf 86' lang='lat' dir='ltr'><strong>DE</strong></span> <span class='ocrx_word' id='word_1_2' title='bbox 984 1573 1367 1641; x_wconf 84' lang='lat' dir='ltr'>METONIS</span> <span class='ocrx_word' id='word_1_3' title='bbox 1417 1574 1920 1641; x_wconf 85' lang='lat' dir='ltr'>ASTRONOMI</span> <span class='ocrx_word' id='word_1_4' title='bbox 1977 1575 2558 1643; x_wconf 87' lang='lat' dir='ltr'>HELIOTROPIO</span> <span class='ocrx_word' id='word_1_5' title='bbox 2601 1577 2988 1643; x_wconf 86' lang='lat' dir='ltr'>ATHENIS</span> 
     </span>
     <span class='ocr_line' id='line_1_2' title="bbox 1330 1692 2471 1762; baseline 0.001 -4"><span class='ocrx_word' id='word_1_6' title='bbox 1330 1695 1422 1758; x_wconf 89' lang='lat' dir='ltr'><strong>IN</strong></span> <span class='ocrx_word' id='word_1_7' title='bbox 1481 1692 1723 1760; x_wconf 86' lang='lat' dir='ltr'>MURO</span> <span class='ocrx_word' id='word_1_8' title='bbox 1778 1694 2093 1762; x_wconf 84' lang='lat' dir='ltr'>PNYCIS</span> <span class='ocrx_word' id='word_1_9' title='bbox 2146 1693 2471 1761; x_wconf 84' lang='lat' dir='ltr'><strong>POSITO.</strong></span> 
     </span>
    </p>
   </div>
   <div class='ocr_carea' id='block_1_2' title="bbox 712 1897 3077 4122">
    <p class='ocr_par' dir='ltr' id='par_1_2' title="bbox 712 1897 3077 4122">
     <span class='ocr_line' id='line_1_3' title="bbox 892 1897 3073 1981; baseline 0 -17"><span class='ocrx_word' id='word_1_10' title='bbox 892 1897 1195 1964; x_wconf 84' lang='lat' dir='ltr'>Traditur</span> <span class='ocrx_word' id='word_1_11' title='bbox 1247 1898 1566 1964; x_wconf 88' lang='lat' dir='ltr'><strong>Metonem</strong></span> <span class='ocrx_word' id='word_1_12' title='bbox 1627 1906 2062 1964; x_wconf 79' lang='lat' dir='ltr'><strong>astronomum</strong></span> <span class='ocrx_word' id='word_1_13' title='bbox 2115 1898 2388 1964; x_wconf 80' lang='lat' dir='ltr'><strong>Athenis</strong></span> <span class='ocrx_word' id='word_1_14' title='bbox 2454 1898 2905 1980; x_wconf 80' lang='lat' dir='ltr'>heliotropium</span> <span class='ocrx_word' id='word_1_15' title='bbox 2961 1919 3073 1981; x_wconf 93' lang='lat' dir='ltr'><strong>po-</strong></span> 
     </span>
     <span class='ocr_line' id='line_1_4' title="bbox 722 1997 3077 2084; baseline -0.001 -19"><span class='ocrx_word' id='word_1_16' title='bbox 722 2002 947 2081; x_wconf 87' lang='lat' dir='ltr'><strong>suisse,</strong></span> <span class='ocrx_word' id='word_1_17' title='bbox 992 2021 1123 2065; x_wconf 91' lang='lat' dir='ltr'><strong>non</strong></span> <span class='ocrx_word' id='word_1_18' title='bbox 1169 2000 1373 2064; x_wconf 88' lang='lat' dir='ltr'><strong>solum</strong></span> <span class='ocrx_word' id='word_1_19' title='bbox 1418 1999 1694 2065; x_wconf 81' lang='lat' dir='ltr'><strong>indicem</strong></span> <span class='ocrx_word' id='word_1_20' title='bbox 1737 2002 2012 2084; x_wconf 87' lang='lat' dir='ltr'><strong>partium</strong></span> <span class='ocrx_word' id='word_1_21' title='bbox 2060 1999 2187 2065; x_wconf 83' lang='lat' dir='ltr'><strong>diei</strong></span> <span class='ocrx_word' id='word_1_22' title='bbox 2237 2001 2355 2066; x_wconf 89' lang='lat' dir='ltr'><strong>sed</strong></span> <span class='ocrx_word' id='word_1_23' title='bbox 2398 2001 2592 2065; x_wconf 88' lang='lat' dir='ltr'><strong>etiam</strong></span> <span class='ocrx_word' id='word_1_24' title='bbox 2635 1997 3077 2065; x_wconf 68' lang='lat' dir='ltr'><strong>solstitiorum!</strong></span> 
     </span>
     <span class='ocr_line' id='line_1_5' title="bbox 721 2102 3069 2184; baseline 0 -18"><span class='ocrx_word' id='word_1_25' title='bbox 721 2103 866 2166; x_wconf 91' lang='lat' dir='ltr'><strong>Duo</strong></span> <span class='ocrx_word' id='word_1_26' title='bbox 924 2109 1072 2166; x_wconf 87' lang='lat' dir='ltr'><strong>sunt</strong></span> <span class='ocrx_word' id='word_1_27' title='bbox 1125 2103 1250 2165; x_wconf 88' lang='lat' dir='ltr'><strong>loei</strong></span> <span class='ocrx_word' id='word_1_28' title='bbox 1305 2103 1410 2183; x_wconf 89' lang='lat' dir='ltr'><strong>qui</strong></span> <span class='ocrx_word' id='word_1_29' title='bbox 1467 2102 1588 2166; x_wconf 81' lang='lat' dir='ltr'><strong>hae</strong></span> <span class='ocrx_word' id='word_1_30' title='bbox 1646 2103 1729 2168; x_wconf 86' lang='lat' dir='ltr'><strong>de</strong></span> <span class='ocrx_word' id='word_1_31' title='bbox 1785 2122 1855 2168; x_wconf 91' lang='lat' dir='ltr'><strong>re</strong></span> <span class='ocrx_word' id='word_1_32' title='bbox 1898 2110 2117 2184; x_wconf 83' lang='lat' dir='ltr'><strong>agunt.</strong></span> <span class='ocrx_word' id='word_1_33' title='bbox 2200 2102 2385 2166; x_wconf 89' lang='lat' dir='ltr'><strong>Alter</strong></span> <span class='ocrx_word' id='word_1_34' title='bbox 2428 2109 2525 2166; x_wconf 90' lang='lat' dir='ltr'><strong>est</strong></span> <span class='ocrx_word' id='word_1_35' title='bbox 2565 2102 2818 2166; x_wconf 87' lang='lat' dir='ltr'><strong>Aelian.</strong></span> <span class='ocrx_word' id='word_1_36' title='bbox 2866 2102 2939 2165; x_wconf 89' lang='lat' dir='ltr'><strong>V.</strong></span> <span class='ocrx_word' id='word_1_37' title='bbox 2987 2103 3069 2166; x_wconf 89' lang='lat' dir='ltr'><strong>H.</strong></span> 
     </span>
     <span class='ocr_line' id='line_1_6' title="bbox 721 2197 3068 2286; baseline -0.001 -18"><span class='ocrx_word' id='word_1_38' title='bbox 721 2203 820 2285; x_wconf 91' lang='lat' dir='ltr'><strong>X,</strong></span> <span class='ocrx_word' id='word_1_39' title='bbox 884 2208 952 2285; x_wconf 89' lang='lat'><strong>7,</strong></span> <span class='ocrx_word' id='word_1_40' title='bbox 1029 2203 1135 2286; x_wconf 91' lang='lat' dir='ltr'><strong>qui</strong></span> <span class='ocrx_word' id='word_1_41' title='bbox 1191 2204 1549 2267; x_wconf 77' lang='lat' dir='ltr'><strong>continetur</strong></span> <span class='ocrx_word' id='word_1_42' title='bbox 1603 2204 1703 2269; x_wconf 90' lang='lat' dir='ltr'><strong>his</strong></span> <span class='ocrx_word' id='word_1_43' title='bbox 1760 2204 2006 2270; x_wconf 85' lang='lat' dir='ltr'><strong>verbis:</strong></span> <span class='ocrx_word' id='word_1_44' title='bbox 2084 2198 2187 2266; x_wconf 82' lang='grc' dir='ltr'><strong>ὅτι</strong></span> <span class='ocrx_word' id='word_1_45' title='bbox 2245 2207 2493 2266; x_wconf 81' lang='grc' dir='ltr'><em>Μέτων</em></span> <span class='ocrx_word' id='word_1_46' title='bbox 2562 2197 2597 2265; x_wconf 86' lang='grc' dir='ltr'><em>ὃ</em></span> <span class='ocrx_word' id='word_1_47' title='bbox 2653 2198 3068 2278; x_wconf 80' lang='grc' dir='ltr'><strong><em>Λευκονοεὺς</em></strong></span> 
     </span>
     <span class='ocr_line' id='line_1_7' title="bbox 720 2297 3066 2387; baseline 0 -18"><span class='ocrx_word' id='word_1_48' title='bbox 720 2300 1125 2387; x_wconf 77' lang='grc' dir='ltr'><strong><em>ἀστρολόγος</em></strong></span> <span class='ocrx_word' id='word_1_49' title='bbox 1183 2297 1497 2383; x_wconf 76' lang='grc' dir='ltr'><strong><em>ἀνέστησε</em></strong></span> <span class='ocrx_word' id='word_1_50' title='bbox 1556 2303 1798 2386; x_wconf 79' lang='grc' dir='ltr'><em>στήλας</em></span> <span class='ocrx_word' id='word_1_51' title='bbox 1855 2307 1961 2369; x_wconf 81' lang='grc' dir='ltr'><strong>καὶ</strong></span> <span class='ocrx_word' id='word_1_52' title='bbox 2022 2303 2142 2381; x_wconf 84' lang='grc' dir='ltr'><strong><em>τὰς</em></strong></span> <span class='ocrx_word' id='word_1_53' title='bbox 2183 2307 2300 2368; x_wconf 83' lang='grc' dir='ltr'><strong>τοῦ</strong></span> <span class='ocrx_word' id='word_1_54' title='bbox 2346 2299 2535 2386; x_wconf 80' lang='grc' dir='ltr'><em>ἡλίου</em></span> <span class='ocrx_word' id='word_1_55' title='bbox 2578 2303 2836 2385; x_wconf 79' lang='grc' dir='ltr'><strong><em>τροπὰς</em></strong></span> <span class='ocrx_word' id='word_1_56' title='bbox 2878 2330 3066 2369; x_wconf 83' lang='grc' dir='ltr'><strong><em>κατε-</em></strong></span> 
     </span>
     <span class='ocr_line' id='line_1_8' title="bbox 720 2405 3069 2490; baseline 0 -19"><span class='ocrx_word' id='word_1_57' title='bbox 720 2405 1047 2490; x_wconf 81' lang='grc' dir='ltr'><strong><em>γράψατο.</em></strong></span> <span class='ocrx_word' id='word_1_58' title='bbox 1135 2408 1237 2472; x_wconf 89' lang='lat' dir='ltr'><strong>Ab</strong></span> <span class='ocrx_word' id='word_1_59' title='bbox 1282 2407 1554 2471; x_wconf 89' lang='lat' dir='ltr'><strong>Aeliano</strong></span> <span class='ocrx_word' id='word_1_60' title='bbox 1599 2407 1792 2488; x_wconf 86' lang='lat' dir='ltr'><strong>igitur</strong></span> <span class='ocrx_word' id='word_1_61' title='bbox 1832 2407 2134 2472; x_wconf 83' lang='lat' dir='ltr'><strong>doeemur</strong></span> <span class='ocrx_word' id='word_1_62' title='bbox 2179 2407 2249 2471; x_wconf 90' lang='lat' dir='ltr'><strong>in</strong></span> <span class='ocrx_word' id='word_1_63' title='bbox 2292 2407 2706 2490; x_wconf 80' lang='lat' dir='ltr'><strong>heliotropio,</strong></span> <span class='ocrx_word' id='word_1_64' title='bbox 2764 2427 2888 2488; x_wconf 90' lang='lat' dir='ltr'><strong>quo</strong></span> <span class='ocrx_word' id='word_1_65' title='bbox 2945 2409 3069 2472; x_wconf 92' lang='lat' dir='ltr'><strong>sol-</strong></span> 
     </span>
     <span class='ocr_line' id='line_1_9' title="bbox 721 2507 3069 2591; baseline 0 -16"><span class='ocrx_word' id='word_1_66' title='bbox 721 2511 896 2575; x_wconf 89' lang='lat' dir='ltr'><strong>stitia</strong></span> <span class='ocrx_word' id='word_1_67' title='bbox 938 2509 1449 2589; x_wconf 78' lang='lat' dir='ltr'><strong>observarentur,</strong></span> <span class='ocrx_word' id='word_1_68' title='bbox 1496 2509 1701 2591; x_wconf 87' lang='lat' dir='ltr'><strong>eippis</strong></span> <span class='ocrx_word' id='word_1_69' title='bbox 1745 2509 1885 2573; x_wconf 87' lang='lat' dir='ltr'><strong>sive</strong></span> <span class='ocrx_word' id='word_1_70' title='bbox 1927 2509 2283 2574; x_wconf 80' lang='lat' dir='ltr'><strong>columellis</strong></span> <span class='ocrx_word' id='word_1_71' title='bbox 2328 2507 2647 2590; x_wconf 76' lang='grc' dir='ltr'>(στήλαις)</span> <span class='ocrx_word' id='word_1_72' title='bbox 2695 2530 2880 2576; x_wconf 89' lang='lat' dir='ltr'><strong>usum</strong></span> <span class='ocrx_word' id='word_1_73' title='bbox 2923 2530 3069 2575; x_wconf 86' lang='lat' dir='ltr'><strong>esse</strong></span> 
     </span>
     <span class='ocr_line' id='line_1_10' title="bbox 718 2609 3067 2695; baseline 0 -18"><span class='ocrx_word' id='word_1_74' title='bbox 718 2613 1071 2694; x_wconf 81' lang='lat' dir='ltr'><strong>Metonem3</strong></span> <span class='ocrx_word' id='word_1_75' title='bbox 1117 2618 1407 2694; x_wconf 88' lang='lat' dir='ltr'><strong>apertum</strong></span> <span class='ocrx_word' id='word_1_76' title='bbox 1452 2619 1549 2676; x_wconf 92' lang='lat' dir='ltr'><strong>est</strong></span> <span class='ocrx_word' id='word_1_77' title='bbox 1592 2612 1761 2676; x_wconf 91' lang='lat' dir='ltr'><strong>enim</strong></span> <span class='ocrx_word' id='word_1_78' title='bbox 1806 2612 2005 2677; x_wconf 86' lang='lat' dir='ltr'><strong>verba</strong></span> <span class='ocrx_word' id='word_1_79' title='bbox 2046 2611 2370 2694; x_wconf 80' lang='lat' dir='ltr'><strong>scriptoris</strong></span> <span class='ocrx_word' id='word_1_80' title='bbox 2415 2609 2498 2677; x_wconf 88' lang='lat' dir='ltr'><strong>de</strong></span> <span class='ocrx_word' id='word_1_81' title='bbox 2540 2633 2670 2676; x_wconf 89' lang='lat' dir='ltr'><strong>una</strong></span> <span class='ocrx_word' id='word_1_82' title='bbox 2713 2612 3067 2695; x_wconf 87' lang='lat' dir='ltr'><strong>eademque</strong></span> 
     </span>
     <span class='ocr_line' id='line_1_11' title="bbox 720 2711 3066 2797; baseline 0 -19"><span class='ocrx_word' id='word_1_83' title='bbox 720 2733 789 2779; x_wconf 90' lang='lat' dir='ltr'><strong>re</strong></span> <span class='ocrx_word' id='word_1_84' title='bbox 833 2712 1260 2794; x_wconf 84' lang='lat' dir='ltr'><strong>intelligenda</strong></span> <span class='ocrx_word' id='word_1_85' title='bbox 1304 2732 1464 2777; x_wconf 87' lang='lat' dir='ltr'><strong>esse.</strong></span> <span class='ocrx_word' id='word_1_86' title='bbox 1553 2711 1740 2791; x_wconf 83' lang='lat' dir='ltr'><strong>Quod</strong></span> <span class='ocrx_word' id='word_1_87' title='bbox 1794 2733 1918 2794; x_wconf 90' lang='lat' dir='ltr'><strong>quo</strong></span> <span class='ocrx_word' id='word_1_88' title='bbox 1968 2719 2256 2795; x_wconf 87' lang='lat' dir='ltr'><strong>tempore</strong></span> <span class='ocrx_word' id='word_1_89' title='bbox 2298 2713 2536 2778; x_wconf 82' lang='lat' dir='ltr'><strong>factum</strong></span> <span class='ocrx_word' id='word_1_90' title='bbox 2580 2714 2662 2778; x_wconf 94' lang='lat' dir='ltr'><strong>sit</strong></span> <span class='ocrx_word' id='word_1_91' title='bbox 2706 2714 3066 2797; x_wconf 84' lang='lat' dir='ltr'><strong>experimur</strong></span> 
     </span>
     <span class='ocr_line' id='line_1_12' title="bbox 719 2814 3063 2900; baseline -0 -19"><span class='ocrx_word' id='word_1_92' title='bbox 719 2816 922 2881; x_wconf 90' lang='lat' dir='ltr'><strong>altero</strong></span> <span class='ocrx_word' id='word_1_93' title='bbox 978 2816 1149 2896; x_wconf 82' lang='lat' dir='ltr'><strong>loeo,</strong></span> <span class='ocrx_word' id='word_1_94' title='bbox 1208 2815 1403 2896; x_wconf 82' lang='lat' dir='ltr'><strong>longe</strong></span> <span class='ocrx_word' id='word_1_95' title='bbox 1455 2814 1779 2896; x_wconf 83' lang='lat' dir='ltr'><strong>graviore,</strong></span> <span class='ocrx_word' id='word_1_96' title='bbox 1839 2814 2226 2879; x_wconf 82' lang='lat' dir='ltr'><strong>seholiastae</strong></span> <span class='ocrx_word' id='word_1_97' title='bbox 2265 2815 2716 2900; x_wconf 79' lang='lat' dir='ltr'><strong>Aristophanis</strong></span> <span class='ocrx_word' id='word_1_98' title='bbox 2770 2816 2855 2880; x_wconf 86' lang='lat' dir='ltr'><strong>ad</strong></span> <span class='ocrx_word' id='word_1_99' title='bbox 2897 2817 3063 2880; x_wconf 86' lang='lat' dir='ltr'><strong>Avv.</strong></span> 
     </span>
     <span class='ocr_line' id='line_1_13' title="bbox 723 2911 3060 2999; baseline 0 -18"><span class='ocrx_word' id='word_1_100' title='bbox 723 2919 881 2999; x_wconf 83' lang='lat'><strong>997,</strong></span> <span class='ocrx_word' id='word_1_101' title='bbox 956 2916 1063 2999; x_wconf 88' lang='lat' dir='ltr'><strong>qui</strong></span> <span class='ocrx_word' id='word_1_102' title='bbox 1121 2916 1221 2981; x_wconf 84' lang='lat' dir='ltr'><strong>his</strong></span> <span class='ocrx_word' id='word_1_103' title='bbox 1282 2915 1495 2980; x_wconf 83' lang='lat' dir='ltr'><strong>verbis</strong></span> <span class='ocrx_word' id='word_1_104' title='bbox 1555 2916 1780 2981; x_wconf 85' lang='lat' dir='ltr'><strong>utitur:</strong></span> <span class='ocrx_word' id='word_1_105' title='bbox 1851 2920 2099 2980; x_wconf 79' lang='grc' dir='ltr'><strong><em>,Μέτων</em></strong></span> <span class='ocrx_word' id='word_1_106' title='bbox 2165 2911 2436 2997; x_wconf 75' lang='grc' dir='ltr'><strong><em>ἄριστος</em></strong></span> <span class='ocrx_word' id='word_1_107' title='bbox 2492 2911 2901 2996; x_wconf 77' lang='grc' dir='ltr'><strong><em>ἀστρονόμος</em></strong></span> <span class='ocrx_word' id='word_1_108' title='bbox 2955 2920 3060 2981; x_wconf 81' lang='grc' dir='ltr'><strong>καὶ</strong></span> 
     </span>
     <span class='ocr_line' id='line_1_14' title="bbox 717 3012 3059 3102; baseline -0 -19"><span class='ocrx_word' id='word_1_109' title='bbox 717 3015 1105 3102; x_wconf 79' lang='grc' dir='ltr'><strong><em>γεωμέτρης.</em></strong></span> <span class='ocrx_word' id='word_1_110' title='bbox 1177 3015 1430 3079; x_wconf 81' lang='grc' dir='ltr'><strong><em>Τούτου</em></strong></span> <span class='ocrx_word' id='word_1_111' title='bbox 1476 3014 1655 3081; x_wconf 74' lang='grc' dir='ltr'><strong><em>ἐστὶν</em></strong></span> <span class='ocrx_word' id='word_1_112' title='bbox 1695 3012 1730 3079; x_wconf 85' lang='grc' dir='ltr'>ὁ</span> <span class='ocrx_word' id='word_1_113' title='bbox 1763 3015 2059 3094; x_wconf 76' lang='grc' dir='ltr'><strong><em>ἐνιαυτὸς</em></strong></span> <span class='ocrx_word' id='word_1_114' title='bbox 2089 3014 2433 3100; x_wconf 83' lang='grc' dir='ltr'><strong><em>λεγόμενος</em></strong></span> <span class='ocrx_word' id='word_1_115' title='bbox 2462 3023 2804 3095; x_wconf 79' lang='grc' dir='ltr'><strong><em>Μέτωνος.</em></strong></span> <span class='ocrx_word' id='word_1_116' title='bbox 2886 3023 3059 3098; x_wconf 81' lang='grc' dir='ltr'><strong><em>Φησὶ</em></strong></span> 
     </span>
     <span class='ocr_line' id='line_1_15' title="bbox 722 3112 3064 3205; baseline 0 -22"><span class='ocrx_word' id='word_1_117' title='bbox 722 3118 795 3186; x_wconf 77' lang='grc' dir='ltr'><strong>δὲ</strong></span> <span class='ocrx_word' id='word_1_118' title='bbox 840 3116 1335 3199; x_wconf 86' lang='grc' dir='ltr'><strong><em>Καλλίστρατος</em></strong></span> <span class='ocrx_word' id='word_1_119' title='bbox 1381 3117 1447 3182; x_wconf 77' lang='grc' dir='ltr'><strong><em>ἐν</em></strong></span> <span class='ocrx_word' id='word_1_120' title='bbox 1487 3116 1785 3203; x_wconf 78' lang='grc' dir='ltr'><strong><em>Κολωνῷ</em></strong></span> <span class='ocrx_word' id='word_1_121' title='bbox 1847 3112 2165 3205; x_wconf 73' lang='grc' dir='ltr'><strong><em>ἆναθημά</em></strong></span> <span class='ocrx_word' id='word_1_122' title='bbox 2219 3146 2287 3185; x_wconf 88' lang='grc' dir='ltr'><strong>τι</strong></span> <span class='ocrx_word' id='word_1_123' title='bbox 2344 3114 2514 3185; x_wconf 74' lang='grc' dir='ltr'><strong><em>εἶναι</em></strong></span> <span class='ocrx_word' id='word_1_124' title='bbox 2570 3116 2769 3185; x_wconf 75' lang='grc' dir='ltr'><strong><em>αὐτοῦ</em></strong></span> <span class='ocrx_word' id='word_1_125' title='bbox 2824 3114 3064 3204; x_wconf 79' lang='grc' dir='ltr'><strong><em>ἀστρο-</em></strong></span> 
     </span>
     <span class='ocr_line' id='line_1_16' title="bbox 720 3209 3062 3308; baseline 0 -23"><span class='ocrx_word' id='word_1_126' title='bbox 720 3219 999 3303; x_wconf 83' lang='grc' dir='ltr'><strong><em>λογικόν.</em></strong></span> <span class='ocrx_word' id='word_1_127' title='bbox 1073 3213 1447 3304; x_wconf 75' lang='grc' dir='ltr'><strong><em>Εὐφρόνιος</em></strong></span> <span class='ocrx_word' id='word_1_128' title='bbox 1493 3219 1565 3286; x_wconf 78' lang='grc' dir='ltr'><strong>δὲ</strong></span> <span class='ocrx_word' id='word_1_129' title='bbox 1610 3214 1715 3285; x_wconf 79' lang='grc' dir='ltr'><strong>ὅτι</strong></span> <span class='ocrx_word' id='word_1_130' title='bbox 1759 3222 1890 3285; x_wconf 82' lang='grc' dir='ltr'><strong>τῶν</strong></span> <span class='ocrx_word' id='word_1_131' title='bbox 1936 3219 2157 3308; x_wconf 73' lang='grc' dir='ltr'><strong><em>δήμων</em></strong></span> <span class='ocrx_word' id='word_1_132' title='bbox 2202 3209 2279 3307; x_wconf 77' lang='grc' dir='ltr'><strong><em>ἦν</em></strong></span> <span class='ocrx_word' id='word_1_133' title='bbox 2325 3221 2394 3287; x_wconf 76' lang='grc' dir='ltr'><strong>ἐκ</strong></span> <span class='ocrx_word' id='word_1_134' title='bbox 2437 3223 2771 3288; x_wconf 83' lang='grc' dir='ltr'><strong><em>Κολωνοῦ.</em></strong></span> <span class='ocrx_word' id='word_1_135' title='bbox 2849 3225 3062 3287; x_wconf 84' lang='grc' dir='ltr'><strong><em>Τοῦτο</em></strong></span> 
     </span>
     <span class='ocr_line' id='line_1_17' title="bbox 722 3316 3062 3409; baseline 0 -21"><span class='ocrx_word' id='word_1_136' title='bbox 722 3321 793 3388; x_wconf 78' lang='grc' dir='ltr'><strong>δὲ</strong></span> <span class='ocrx_word' id='word_1_137' title='bbox 853 3321 1116 3405; x_wconf 80' lang='grc' dir='ltr'><strong><em>ψεῦδος.</em></strong></span> <span class='ocrx_word' id='word_1_138' title='bbox 1214 3316 1584 3402; x_wconf 81' lang='grc' dir='ltr'><strong><em>Φιλόχορος</em></strong></span> <span class='ocrx_word' id='word_1_139' title='bbox 1636 3320 1760 3404; x_wconf 79' lang='grc' dir='ltr'><strong>γὰρ</strong></span> <span class='ocrx_word' id='word_1_140' title='bbox 1816 3320 2199 3389; x_wconf 79' lang='grc' dir='ltr'><strong><em>Λευκονοέα</em></strong></span> <span class='ocrx_word' id='word_1_141' title='bbox 2256 3326 2458 3409; x_wconf 82' lang='grc' dir='ltr'><strong><em>φησὶν</em></strong></span> <span class='ocrx_word' id='word_1_142' title='bbox 2516 3318 2732 3398; x_wconf 68' lang='grc' dir='ltr'><strong><em>αὐτόν.</em></strong></span> <span class='ocrx_word' id='word_1_143' title='bbox 2835 3323 2928 3388; x_wconf 86' lang='grc' dir='ltr'><strong>Τὸ</strong></span> <span class='ocrx_word' id='word_1_144' title='bbox 2989 3325 3062 3389; x_wconf 81' lang='grc' dir='ltr'><strong>δὲ</strong></span> 
     </span>
     <span class='ocr_line' id='line_1_18' title="bbox 720 3415 3061 3511; baseline 0.001 -23"><span class='ocrx_word' id='word_1_145' title='bbox 720 3425 839 3488; x_wconf 80' lang='grc' dir='ltr'><strong>τοῦ</strong></span> <span class='ocrx_word' id='word_1_146' title='bbox 874 3420 1373 3505; x_wconf 83' lang='grc' dir='ltr'><strong><em>Καλλιστράτου</em></strong></span> <span class='ocrx_word' id='word_1_147' title='bbox 1421 3423 1649 3508; x_wconf 81' lang='grc' dir='ltr'><strong><em>δῆλον·</em></strong></span> <span class='ocrx_word' id='word_1_148' title='bbox 1697 3422 1862 3501; x_wconf 80' lang='grc' dir='ltr'><strong><em>ἴσως</em></strong></span> <span class='ocrx_word' id='word_1_149' title='bbox 1905 3422 2027 3508; x_wconf 79' lang='grc' dir='ltr'><strong>γάρ</strong></span> <span class='ocrx_word' id='word_1_150' title='bbox 2071 3449 2137 3490; x_wconf 87' lang='grc' dir='ltr'><strong>τι</strong></span> <span class='ocrx_word' id='word_1_151' title='bbox 2179 3427 2286 3490; x_wconf 85' lang='grc' dir='ltr'><strong>καὶ</strong></span> <span class='ocrx_word' id='word_1_152' title='bbox 2332 3415 2409 3511; x_wconf 77' lang='grc' dir='ltr'><strong><em>ἦν</em></strong></span> <span class='ocrx_word' id='word_1_153' title='bbox 2457 3425 2521 3491; x_wconf 80' lang='grc' dir='ltr'><strong><em>ἕν</em></strong></span> <span class='ocrx_word' id='word_1_154' title='bbox 2552 3427 2863 3510; x_wconf 73' lang='grc' dir='ltr'><strong><em>Κολωνῷ.</em></strong></span> <span class='ocrx_word' id='word_1_155' title='bbox 2914 3422 2950 3490; x_wconf 82' lang='grc' dir='ltr'><em>ὁ</em></span> <span class='ocrx_word' id='word_1_156' title='bbox 2988 3426 3061 3491; x_wconf 79' lang='grc' dir='ltr'><strong>δὲ</strong></span> 
     </span>
     <span class='ocr_line' id='line_1_19' title="bbox 724 3520 3060 3612; baseline 0.001 -22"><span class='ocrx_word' id='word_1_157' title='bbox 724 3522 1093 3606; x_wconf 81' lang='grc' dir='ltr'><strong><em>Φιλόχορος</em></strong></span> <span class='ocrx_word' id='word_1_158' title='bbox 1158 3523 1225 3589; x_wconf 80' lang='grc' dir='ltr'><strong><em>ἒν</em></strong></span> <span class='ocrx_word' id='word_1_159' title='bbox 1286 3526 1571 3607; x_wconf 73' lang='grc' dir='ltr'><strong><em>Κολωνῷ</em></strong></span> <span class='ocrx_word' id='word_1_160' title='bbox 1591 3527 1632 3601; x_wconf 91' lang='lat'><strong>¹)</strong></span> <span class='ocrx_word' id='word_1_161' title='bbox 1697 3524 1818 3607; x_wconf 74' lang='grc' dir='ltr'><strong><em>μὲν</em></strong></span> <span class='ocrx_word' id='word_1_162' title='bbox 1877 3520 2073 3591; x_wconf 73' lang='grc' dir='ltr'><strong><em>αὐτὸν</em></strong></span> <span class='ocrx_word' id='word_1_163' title='bbox 2132 3521 2320 3593; x_wconf 79' lang='grc' dir='ltr'><strong><em>οὐδὲν</em></strong></span> <span class='ocrx_word' id='word_1_164' title='bbox 2380 3532 2606 3593; x_wconf 75' lang='grc' dir='ltr'><strong><em>θεῖναι</em></strong></span> <span class='ocrx_word' id='word_1_165' title='bbox 2665 3527 2865 3612; x_wconf 84' lang='grc' dir='ltr'><strong><em>λέγει,</em></strong></span> <span class='ocrx_word' id='word_1_166' title='bbox 2943 3527 3060 3593; x_wconf 76' lang='grc' dir='ltr'><strong>ἐπὶ</strong></span> 
     </span>
     <span class='ocr_line' id='line_1_20' title="bbox 712 3620 3055 3715; baseline 0.001 -23"><span class='ocrx_word' id='word_1_167' title='bbox 712 3620 1085 3710; x_wconf 75' lang='grc' dir='ltr'><strong><em>Ἀψεύὸους</em></strong></span> <span class='ocrx_word' id='word_1_168' title='bbox 1131 3626 1201 3690; x_wconf 80' lang='grc' dir='ltr'><strong>δὲ</strong></span> <span class='ocrx_word' id='word_1_169' title='bbox 1236 3627 1352 3690; x_wconf 83' lang='grc' dir='ltr'><strong>τοῦ</strong></span> <span class='ocrx_word' id='word_1_170' title='bbox 1385 3624 1517 3709; x_wconf 84' lang='grc' dir='ltr'><strong>πρὸ</strong></span> <span class='ocrx_word' id='word_1_171' title='bbox 1550 3626 1973 3710; x_wconf 69' lang='grc' dir='ltr'><strong><em>Πυθοδώρου</em></strong></span> <span class='ocrx_word' id='word_1_172' title='bbox 2023 3623 2452 3714; x_wconf 67' lang='grc' dir='ltr'><strong><em>ἡλιοτρόπιον</em></strong></span> <span class='ocrx_word' id='word_1_173' title='bbox 2499 3631 2564 3694; x_wconf 77' lang='grc' dir='ltr'><strong><em>ἐν</em></strong></span> <span class='ocrx_word' id='word_1_174' title='bbox 2610 3633 2688 3715; x_wconf 85' lang='grc' dir='ltr'><strong><em>τῇ</em></strong></span> <span class='ocrx_word' id='word_1_175' title='bbox 2734 3633 2845 3695; x_wconf 75' lang='grc' dir='ltr'><strong>νῦν</strong></span> <span class='ocrx_word' id='word_1_176' title='bbox 2895 3628 3055 3714; x_wconf 73' lang='grc' dir='ltr'><strong><em>οὔσῃ</em></strong></span> 
     </span>
     <span class='ocr_line' id='line_1_21' title="bbox 719 3711 3058 3817; baseline 0 -23"><span class='ocrx_word' id='word_1_177' title='bbox 719 3728 1022 3813; x_wconf 78' lang='grc' dir='ltr'><strong><em>ἐκκλησίᾳ</em></strong></span> <span class='ocrx_word' id='word_1_178' title='bbox 1078 3726 1249 3810; x_wconf 84' lang='grc' dir='ltr'><strong><em>πρὸς</em></strong></span> <span class='ocrx_word' id='word_1_179' title='bbox 1305 3729 1399 3811; x_wconf 77' lang='grc' dir='ltr'><strong><em>τῷ</em></strong></span> <span class='ocrx_word' id='word_1_180' title='bbox 1455 3731 1653 3809; x_wconf 84' lang='grc' dir='ltr'><strong><em>τείχει</em></strong></span> <span class='ocrx_word' id='word_1_181' title='bbox 1708 3731 1803 3812; x_wconf 77' lang='grc' dir='ltr'><strong><em>τῷ</em></strong></span> <span class='ocrx_word' id='word_1_182' title='bbox 1862 3728 1928 3794; x_wconf 78' lang='grc' dir='ltr'><strong><em>ἐν</em></strong></span> <span class='ocrx_word' id='word_1_183' title='bbox 1983 3731 2062 3817; x_wconf 84' lang='grc' dir='ltr'><strong><em>τῇ</em></strong></span> <span class='ocrx_word' id='word_1_184' title='bbox 2118 3711 2357 3796; x_wconf 53' lang='grc' dir='ltr'><strong><em>Πυκνί</em></strong></span> <span class='ocrx_word' id='word_1_185' title='bbox 2451 3730 2742 3817; x_wconf 78' lang='grc' dir='ltr'><strong><em>Μήποτε</em></strong></span> <span class='ocrx_word' id='word_1_186' title='bbox 2801 3721 2913 3797; x_wconf 72' lang='grc' dir='ltr'><strong>οὖν</strong></span> <span class='ocrx_word' id='word_1_187' title='bbox 2979 3730 3058 3795; x_wconf 89' lang='grc' dir='ltr'><strong><em>τὸ</em></strong></span> 
     </span>
     <span class='ocr_line' id='line_1_22' title="bbox 713 3826 3062 3917; baseline 0.002 -24"><span class='ocrx_word' id='word_1_188' title='bbox 713 3836 974 3914; x_wconf 84' lang='grc' dir='ltr'><strong><em>χωρίον,</em></strong></span> <span class='ocrx_word' id='word_1_189' title='bbox 1024 3826 1195 3914; x_wconf 85' lang='grc' dir='ltr'><strong><em>φασί</em></strong></span> <span class='ocrx_word' id='word_1_190' title='bbox 1236 3853 1437 3906; x_wconf 84' lang='grc' dir='ltr'><strong><em>τινες,</em></strong></span> <span class='ocrx_word' id='word_1_191' title='bbox 1500 3828 1768 3895; x_wconf 78' lang='grc' dir='ltr'><strong><em>ἐκεῖνο</em></strong></span> <span class='ocrx_word' id='word_1_192' title='bbox 1827 3831 2574 3916; x_wconf 82' lang='grc' dir='ltr'><strong><em>παραλαμβάνεται</em></strong></span> <span class='ocrx_word' id='word_1_193' title='bbox 2628 3833 2739 3899; x_wconf 82' lang='grc' dir='ltr'><strong>καὶ</strong></span> <span class='ocrx_word' id='word_1_194' title='bbox 2790 3829 2826 3917; x_wconf 81' lang='grc' dir='ltr'><em>ἦ</em></span> <span class='ocrx_word' id='word_1_195' title='bbox 2874 3833 3062 3912; x_wconf 82' lang='grc' dir='ltr'><strong><em>Πνύξ</em></strong></span> 
     </span>
     <span class='ocr_line' id='line_1_23' title="bbox 716 3919 3053 4019; baseline 0.002 -22"><span class='ocrx_word' id='word_1_196' title='bbox 716 3930 1027 4009; x_wconf 88' lang='grc' dir='ltr'><strong><em>Κολωνός</em></strong></span> <span class='ocrx_word' id='word_1_197' title='bbox 1072 3930 1231 4009; x_wconf 74' lang='grc' dir='ltr'><strong><em>ἐστι,</em></strong></span> <span class='ocrx_word' id='word_1_198' title='bbox 1281 3919 1358 3995; x_wconf 79' lang='grc' dir='ltr'><strong><em>οὗ</em></strong></span> <span class='ocrx_word' id='word_1_199' title='bbox 1404 3931 1623 4016; x_wconf 74' lang='grc' dir='ltr'><strong><em>ἕτερος</em></strong></span> <span class='ocrx_word' id='word_1_200' title='bbox 1670 3927 1705 3997; x_wconf 83' lang='grc' dir='ltr'><em>ὃ</em></span> <span class='ocrx_word' id='word_1_201' title='bbox 1748 3941 2032 4016; x_wconf 68' lang='grc' dir='ltr'><strong><em>μίσθιος</em></strong></span> <span class='ocrx_word' id='word_1_202' title='bbox 2075 3933 2434 4019; x_wconf 82' lang='grc' dir='ltr'><strong><em>λεγόμενος.</em></strong></span> <span class='ocrx_word' id='word_1_203' title='bbox 2513 3935 2605 4001; x_wconf 85' lang='lat' dir='ltr'><strong>Cf.</strong></span> <span class='ocrx_word' id='word_1_204' title='bbox 2639 3937 2871 4003; x_wconf 85' lang='lat' dir='ltr'><strong>Suidas</strong></span> <span class='ocrx_word' id='word_1_205' title='bbox 2910 3958 2959 4003; x_wconf 83' lang='lat' dir='ltr'><strong>s.</strong></span> <span class='ocrx_word' id='word_1_206' title='bbox 2991 3959 3053 4001; x_wconf 85' lang='lat' dir='ltr'><strong>v.</strong></span> 
     </span>
     <span class='ocr_line' id='line_1_24' title="bbox 714 4034 3059 4122; baseline 0.002 -23"><span class='ocrx_word' id='word_1_207' title='bbox 714 4038 996 4112; x_wconf 86' lang='grc' dir='ltr'><strong><em>Μέτων,</em></strong></span> <span class='ocrx_word' id='word_1_208' title='bbox 1071 4036 1213 4099; x_wconf 85' lang='lat' dir='ltr'><strong>loeo</strong></span> <span class='ocrx_word' id='word_1_209' title='bbox 1286 4034 1562 4118; x_wconf 89' lang='lat' dir='ltr'><strong>pessime</strong></span> <span class='ocrx_word' id='word_1_210' title='bbox 1627 4036 1955 4102; x_wconf 84' lang='lat' dir='ltr'><strong>deourtato</strong></span> <span class='ocrx_word' id='word_1_211' title='bbox 2022 4058 2102 4103; x_wconf 83' lang='lat' dir='ltr'><strong>ex</strong></span> <span class='ocrx_word' id='word_1_212' title='bbox 2161 4038 2610 4122; x_wconf 85' lang='lat' dir='ltr'><strong>Aristophanis</strong></span> <span class='ocrx_word' id='word_1_213' title='bbox 2674 4039 3059 4105; x_wconf 77' lang='lat' dir='ltr'><strong>scholiastae</strong></span> 
     </span>
    </p>
   </div>
   <div class='ocr_carea' id='block_1_3' title="bbox 723 4191 991 4198">
    <p class='ocr_par' dir='ltr' id='par_1_3' title="bbox 723 4191 991 4198">
     <span class='ocr_line' id='line_1_25' title="bbox 723 4191 991 4198; baseline 0 1021"><span class='ocrx_word' id='word_1_214' title='bbox 723 4191 991 4198; x_wconf 95' lang='lat' dir='ltr'><strong> </strong></span> 
     </span>
    </p>
   </div>
   <div class='ocr_carea' id='block_1_4' title="bbox 995 4190 1192 4198">
    <p class='ocr_par' dir='ltr' id='par_1_4' title="bbox 995 4190 1192 4198">
     <span class='ocr_line' id='line_1_26' title="bbox 995 4190 1192 4198; baseline 0 0"><span class='ocrx_word' id='word_1_215' title='bbox 995 4190 1192 4198; x_wconf 95' lang='lat' dir='ltr'><strong> </strong></span> 
     </span>
    </p>
   </div>
   <div class='ocr_carea' id='block_1_5' title="bbox 715 4259 3057 4424">
    <p class='ocr_par' dir='ltr' id='par_1_5' title="bbox 715 4259 3057 4424">
     <span class='ocr_line' id='line_1_27' title="bbox 853 4259 3057 4338; baseline 0.002 -17"><span class='ocrx_word' id='word_1_216' title='bbox 853 4274 887 4336; x_wconf 78' lang='grc'><strong>1)</strong></span> <span class='ocrx_word' id='word_1_217' title='bbox 924 4275 985 4322; x_wconf 88' lang='lat' dir='ltr'><strong>In</strong></span> <span class='ocrx_word' id='word_1_218' title='bbox 1023 4272 1211 4323; x_wconf 89' lang='lat' dir='ltr'><strong>Colono</strong></span> <span class='ocrx_word' id='word_1_219' title='bbox 1249 4277 1413 4323; x_wconf 86' lang='lat' dir='ltr'><strong>tamen</strong></span> <span class='ocrx_word' id='word_1_220' title='bbox 1452 4273 1713 4337; x_wconf 80' lang='lat' dir='ltr'><strong>(equestri)</strong></span> <span class='ocrx_word' id='word_1_221' title='bbox 1752 4274 1952 4323; x_wconf 82' lang='lat' dir='ltr'><strong>videtur</strong></span> <span class='ocrx_word' id='word_1_222' title='bbox 1987 4277 2355 4338; x_wconf 82' lang='lat' dir='ltr'><strong>aquaeductum</strong></span> <span class='ocrx_word' id='word_1_223' title='bbox 2396 4275 2573 4325; x_wconf 82' lang='lat' dir='ltr'><strong>fecisse</strong></span> <span class='ocrx_word' id='word_1_224' title='bbox 2609 4259 2745 4324; x_wconf 74' lang='lat' dir='ltr'><strong>Meto</strong></span> <span class='ocrx_word' id='word_1_225' title='bbox 2781 4276 3057 4325; x_wconf 87' lang='lat' dir='ltr'><strong>secundum</strong></span> 
     </span>
     <span class='ocr_line' id='line_1_28' title="bbox 715 4357 1877 4424; baseline 0.001 -17"><span class='ocrx_word' id='word_1_226' title='bbox 715 4358 994 4424; x_wconf 83' lang='lat' dir='ltr'><strong>Phrynichi</strong></span> <span class='ocrx_word' id='word_1_227' title='bbox 1027 4358 1193 4408; x_wconf 86' lang='lat' dir='ltr'><strong>locum</strong></span> <span class='ocrx_word' id='word_1_228' title='bbox 1230 4375 1260 4408; x_wconf 83' lang='lat' dir='ltr'><strong>a</strong></span> <span class='ocrx_word' id='word_1_229' title='bbox 1296 4357 1570 4408; x_wconf 82' lang='lat' dir='ltr'><strong>scholiasta</strong></span> <span class='ocrx_word' id='word_1_230' title='bbox 1603 4358 1877 4409; x_wconf 83' lang='lat' dir='ltr'><strong>laudatum.</strong></span> 
     </span>
    </p>
   </div>
  </div>
 </body>
</html>
