3499 5219
1315 447 1448 453 ---
1538 414 1691 475 323-
1755 449 1873 456 --—

433 580 869 642 Thessalonica
904 582 1175 642 Aeneam
1208 581 1294 642 ad
1316 576 1543 642 sta'tum
1573 579 1949 665 sacr-{ficium
1982 581 2152 664 quod
2177 582 2493 643 conditori
2521 582 2770 643 Aeneae

424 701 559 743 cum
604 701 825 763 mamm
869 682 1258 744 caeremonia
1304 683 1629 767 quotannis
1652 679 1928 763 faciunt.
2019 681 2383 747 Admodum
2428 683 2764 767 probabile

427 791 524 849 est
580 791 793 848 autem
852 784 1098 848 incolas
1143 784 1407 848 Aeneae
1465 783 1687 866 oppidi
1746 783 1854 866 qui
1913 784 2439 850 Thessalonicam
2500 784 2773 849 traducti

425 893 608 950 erant
650 906 691 949 a
734 884 1095 968 Cassandro
1141 904 1324 950 sacra
1367 905 1515 968 sua,
1562 892 1631 949 ut
1675 906 1814 951 mos
1859 892 2022 964 erat,
2084 886 2589 952 communicasse
2633 906 2773 951 cum

425 987 651 1053 ceteris
695 986 1400 1053 Thessalonicensibus.
2472 1070 2477 1075 ,

574 1086 941 1153 ‘Coluerunt
995 1108 1148 1153 vero
1196 1088 1487 1171 Phryges
1545 1095 1802 1170 praeter
1860 1088 2078 1153 Iovem
2137 1089 2481 1171 praecipue
2524 1089 2772 1154 Rheam

424 1190 734 1275 Cybelen,
779 1189 1081 1273 Magnam
1125 1191 1414 1272 Matrem,
1474 1189 1723 1255 urbium
1767 1196 1960 1272 atque
2004 1189 2383 1273 oppidorum
2426 1196 2770 1273 auctorem,

424 1300 487 1359 et
530 1290 852 1357 Bacchum
912 1311 1054 1357 cum
1118 1291 1240 1358 diis
1298 1291 1580 1357 asseclis.
1669 1272 1948 1376 &ybeles
1990 1296 2206 1357 autem
2252 1311 2435 1357 sacra
2476 1310 2635 1375 prae
2677 1311 2773 1357 ce-

419 1397 572 1460 teris
629 1392 944 1459 florebant
985 1392 1368 1460 Pessinunte
1422 1393 1493 1457 in
1534 1393 1721 1476 Asia,
1780 1393 1893 1458 ubi
1934 1392 2177 1475 Midas,
2238 1393 2346 1475 qui
2403 1392 2571 1458 filius
2630 1412 2773 1459 esse

422 1496 743 1562 ferebatur
802 1494 969 1576 eius,
1039 1496 1348 1578 templum
1406 1493 1812 1577 magnificum
1872 1493 2036 1561 deae
2095 1501 2496 1560 exstruxerat
2554 1494 2769 1573 (Diod.

421 1598 546 1664 Sic.
593 1598 714 1679 III,
762 1598 868 1674 59)
913 1597 1403 1680 symbolumque
1446 1598 1602 1680 eius,
1647 1598 1775 1680 vel,
1821 1603 1891 1661 ut
1932 1596 2176 1679 volunt,
2220 1596 2567 1678 imaginem
2610 1595 2772 1661 anti-

420 1700 822 1782 quissimam,
898 1697 1311 1765 dedicaverat
1380 1698 1667 1781 lapidem
1739 1720 1777 1765 e
1850 1698 2030 1764 coelo
2104 1697 2465 1780 delapsum.
2567 1696 2771 1776 Quem

416 1800 704 1883 lapidem
760 1809 1018 1884 postea,
1078 1801 1487 1884 permittente
1539 1801 1792 1883 Attalo,
1850 1801 2121 1866 Romam
2179 1819 2222 1863 a
2282 1799 2589 1864 Romanis
2647 1805 2772 1864 tra-

420 1902 677 1968 ductum
721 1922 865 1968 esse
908 1904 1125 1969 multis
1168 1904 1616 1985 caeremoniis,
1667 1908 1919 1968 constat
1961 1920 2044 1965 ex
2084 1899 2268 1964 Livio
2316 1900 2592 1983 (XXIX,
2644 1902 2767 1976 14.)

419 2005 598 2070 cuius
669 2004 871 2070 verba
941 2005 1066 2069 huc
1136 2005 1426 2089 inprimis
1484 2003 1873 2087 pertinentia
1929 2000 2322 2067 adscribam:
2395 2003 2772 2084 „Matronae

418 2106 727 2190 primores
771 2104 1048 2171 civitatis
1091 2143 1177 2151 —
1221 2126 1546 2189 accepere.
1588 2142 1676 2150 —
1732 2105 1874 2167 Eae
1907 2125 2034 2188 per
2075 2123 2320 2175 manu-5,
2379 2103 2772 2165 succedentes

419 2208 706 2291 deinceps
750 2207 912 2269 aliae
955 2209 1113 2279 alizle,
1161 2244 1246 2254 --
1286 2209 1356 2272 in
1396 2206 1624 2273 aedem
1657 2205 1996 2287 Victoriae,
2042 2224 2207 2287 quae
2253 2211 2350 2270 est
2391 2205 2461 2269 in
2492 2205 2765 2287 Palati0,

408 2309 800 2394 pertulere.“
887 2308 1074 2373 Hunc
1129 2309 1323 2390 igitur
1378 2307 1664 2392 lapidem
1722 2307 1992 2384 (silicem
2048 2307 2162 2371 3111
2222 2306 2464 2382 dicunt)
2524 2307 2617 2371 sic
2661 2305 2768 2371 de-

417 2410 671 2499 scripsit
715 2410 1035 2476 Arnobius
1080 2411 1236 2492 VII,
1296 2414 1411 2476 49:
1484 2410 1695 2494 „lapis
1751 2408 2007 2492 quidem
2064 2428 2197 2473 11011
2254 2428 2557 2490 magnus,
2618 2407 2767 2473 ferri

416 2532 610 2577 manu
667 2502 944 2577 hominis
994 2514 1136 2577 sine
1178 2513 1315 2577 ulla
1356 2512 1779 2595 impressione
1836 2511 1945 2592 qui
2000 2518 2250 2595 posset,
2313 2509 2542 2575 coloris
2599 2509 2766 2575 furvi

416 2623 607 2698 atque
649 2615 805 2697 atri,
865 2616 1142 2697 angellis
1186 2614 1693 2697 prominentibus
1734 2613 2098 2696 inaequalis
2113 2662 2129 2695 ,
2191 2619 2254 2679 et
2310 2632 2498 2696 quem
2543 2632 2764 2678 omnes

414 2718 609 2783 hodie
650 2717 790 2798 ipso
833 2715 947 2779 1110
991 2715 1284 2782 videmus
1336 2716 1404 2781 in
1448 2716 1632 2799 signo
1677 2715 1805 2781 oris
1848 2715 1989 2780 1000
2034 2715 2344 2798 positum,
2405 2712 2766 2779 indolatum

418 2829 483 2886 et
523 2837 822 2902 asperum
868 2824 932 2881 et
980 2817 1318 2882 simulacro
1377 2816 1604 2882 faciem
1663 2818 1875 2881 minus
1934 2835 2302 2899 expressam
2360 2816 2769 2881 simulatione

414 2918 894 3005 praebentem.“
994 2918 1240 2983 Ultima
1295 2920 1612 3007 vocabula
1667 2916 1938 2982 Arnobii
2010 2917 2170 2982 nihil
2229 2914 2531 2981 videntur
2587 2916 2765 2982 aliud

416 3022 773 3106 significare
830 3036 1020 3103 posse
1077 3040 1268 3102 quam
1326 3021 1508 3085 illum
1565 3019 1853 3103 lapidem
1922 3017 2289 3100 impositum
2362 3016 2559 3083 fuisse
2619 3018 2764 3083 basi

415 3125 696 3210 quadam
752 3129 862 3201 (30.
920 3122 1167 3198 herma)
1227 3121 1405 3187 velut
1461 3128 1683 3205 caput,
1761 3121 2053 3202 quamvis
2094 3115 2272 3184 'nihil
2329 3118 2763 3184 similitudinis

414 3229 682 3293 haberet
723 3245 864 3290 cum
908 3224 1074 3288 facie
1117 3223 1420 3288 humana.
1503 3224 1748 3287 Romae
1790 3222 2075 3287 inclusus
2120 3229 2218 3287 est
2261 3228 2567 3303 argenteo
2611 3221 2764 3286 orbe

414 3328 807 3394 circumfuso.
911 3326 1132 3391 Facile
1194 3325 1387 3408 igitur
1458 3324 1814 3407 comparari
1885 3323 2117 3406 poterit
2188 3343 2329 3387 cum
2402 3322 2584 3404 nigro
2649 3322 2763 3385 1110

415 3431 635 3514 lapide
680 3430 787 3511 qui
830 3429 912 3493 ab
956 3428 1279 3493 Arabibus
1323 3427 1759 3509 maximopere
1803 3425 2029 3489 colitur
2070 3425 2138 3489 in
2183 3424 2457 3489 Kaabae
2499 3425 2759 3505 temple,

415 3533 507 3597 310
565 3531 918 3613 descriptus
977 3529 1061 3595 ab
1120 3530 1212 3594 Io.
1271 3528 1436 3592 Lud.
1488 3525 1936 3593 Burckhardto
1997 3527 2210 3605 (Nova
2263 3525 2560 3591 biblioth.
2619 3525 2756 3589 itin.

416 3633 559 3698 Vol.
603 3631 768 3696 LIV.
829 3653 890 3714 p.
939 3632 1142 3707 200.):
1202 3649 1270 3695 er
1322 3629 1528 3695 bildet
1583 3629 1687 3694 ein
1732 3629 2309 3710 unregelmassiges
2355 3625 2519 3692 Oval
2564 3662 2651 3670 —-
2693 3644 2762 3690 er

418 3735 639 3815 schien
681 3732 802 3796 mir
843 3734 966 3819 wie
996 3733 1178 3796 Lava
1212 3768 1296 3777 --
1342 3732 1519 3797 seine
1547 3730 1761 3795 Farbe
1802 3731 1886 3795 ist
1920 3729 2084 3813 jetzt
2124 3729 2243 3795 tief
2280 3727 2761 3793 rothlichbraun

416 3835 550 3901 und
605 3834 835 3899 nahert
892 3833 1026 3898 sich
1086 3833 1231 3899 dem
1288 3833 1672 3898 Schwarzen
1715 3868 1801 3877 —-
1844 3831 1960 3896 der
2014 3832 2195 3897 Stein
2252 3830 2455 3897 selbst
2508 3829 2593 3894 ist
2645 3829 2762 3893 mit

417 3941 595 4004 einer
638 3935 964 4001 silbernen
1008 3935 1399 4018 Einfassung
1442 3935 1760 4017 umgeben
1807 3941 1924 3998 etc.

583 4040 927 4103 Praeterea
997 4037 1162 4101 inter
1233 4057 1453 4102 omnes
1527 4043 1779 4102 constat
1835 4035 2218 4099 Pessinunte
2282 4034 2573 4116 aliasque
2635 4032 2761 4115 ipsi

417 4143 600 4225 signo
646 4139 921 4223 Cybeles
976 4137 1310 4204 adiunctos
1364 4139 1561 4205 fuisse
1615 4139 1839 4204 leones
1896 4143 1960 4202 et
2015 4136 2396 4219 pantheras,
2454 4143 2759 4217 tanquam

415 4242 885 4308 mansuefactos
938 4261 979 4304 a
1032 4239 1475 4321 potentissima
1528 4240 1733 4306 Matre
1787 4237 2009 4304 Idaea.
2082 4237 2271 4302 Diod.
2319 4237 2445 4301 Sic.
2489 4237 2609 4319 III,
2657 4239 2758 4300 59.

414 4345 492 4410 cf.
538 4345 753 4425 Zoega
796 4342 1030 4407 Bassir.
1079 4342 1239 4405 '1¹ab.
1285 4342 1471 4406 XIII.

1119 4474 1124 4477 .
2244 4440 2342 4491 21*
