3499 5219
1318 399 1884 459 -——241—

423 582 646 647 panem
693 561 1060 645 significans
1104 563 1278 647 apud
1322 562 1631 648 Phrygas,
1692 566 1896 631 visum
1943 573 2040 632 est
2096 568 2603 650 antiquissimum
2660 572 2777 637 hu·

429 683 662 729 manae
705 662 964 745 liuguae
1006 665 1387 730 vocabulum
1445 685 1618 748 esse,
1678 675 1741 732 et
1799 668 1969 750 quod
2025 668 2310 735 Arcades
2368 671 2562 736 etiam
2619 671 2772 737 dicti

428 774 577 831 sunt
633 764 1079 847 προσέληνοιὶ>
1152 767 1350 846 Quasi
1405 768 1472 832 in
1513 772 1702 850 βέκος
1760 770 2072 835 vocabulo
2127 771 2340 837 inesse
2394 772 2770 854 significatio

429 868 632 951 possit
674 868 900 933 similis
945 869 1404 953 praepositioni
1449 867 1606 949 πρό
1664 870 1730 935 in
1777 871 2140 956 προσέλη
2161 894 2248 936 νο
2269 897 2311 936 ι.
2402 875 2766 956 Enimvero,

429 970 485 1035 si
527 967 719 1052 βέκος
760 970 1021 1052 antiquo
1066 969 1359 1037 sermone
1402 978 1775 1054 usurpatum
1820 980 1917 1038 est
1960 994 2074 1057 pro
2111 995 2309 1058 pane,
2355 976 2532 1040 nullo
2576 977 2766 1042 modo
2829 1006 2839 1017 ·

429 1072 635 1154 potuit
680 1071 874 1138 etiam
906 1082 1048 1134 ante
1078 1072 1453 1154 significare.
1521 1073 1721 1155 Igitur
1765 1075 1820 1140 si
1849 1075 2314 1158 Aristophanes
2356 1077 2570 1161 lepidc
2598 1078 2767 1145 Stre-

427 1173 721 1256 psiadem
751 1171 966 1239 dicere
992 1175 1298 1240 voluisset
1327 1175 1483 1258 ipsis
1505 1174 1862 1241 Arcadibus
1893 1177 2332 1260 antiquiorem,
2364 1179 2765 1261 aptissimum

431 1275 814 1339 vocabulum
872 1282 1036 1354 erat
1069 1274 1743 1359 προπροσέληνε,
1810 1277 1850 1341 i.
1898 1297 1952 1343 e.
2012 1288 2110 1355 tu,
2171 1280 2280 1363 qui
2330 1301 2395 1342 es
2451 1283 2768 1365 antique'cr

430 1377 614 1438 etiam
676 1378 779 1447 iis,
844 1379 954 1462 qm?
992 1378 1179 1441 Luna
1234 1400 1301 1442 se
1358 1381 1741 1463 antiquiores
1797 1400 1928 1441 esse
1971 1380 2209 1452 dicunt,
2270 1381 2310 1444 i.
2358 1400 2412 1446 e.
2458 1382 2764 1449 Arcades,

428 1474 893 1560 Προσελήνους
948 1486 1162 1545 autem
1220 1482 1501 1545 omnium
1570 1481 1812 1564 primus
1866 1481 2151 1548 Arcades
2209 1481 2457 1549 dixerat
2512 1483 2767 1568 Hippys

427 1580 790 1664 Rheginus‚
849 1581 902 1646 si
958 1580 1117 1647 fides
1171 1582 1473 1648 habenda
1530 1589 1625 1648 est
1681 1582 2010 1665 Stephano
2053 1584 2396 1667 Byzantio,
2456 1592 2519 1651 et
2574 1593 2767 1669 poeta

428 1683 667 1766 lyricus
741 1688 952 1765 (quem
1015 1684 1361 1748 Pindarum
1427 1685 1667 1767 primus
1744 1684 1906 1749 dixit
1970 1685 2521 1764 Schneidewinus)
2590 1687 2767 1770 apud

431 1785 506 1849 E.
553 1785 787 1851 Milleri
835 1783 1173 1867 Origenem
1222 1787 1348 1864 (vel
1393 1785 1839 1870 Hippolytum)
1886 1807 1948 1869 p.
1982 1790 2082 1867 97,
2130 1786 2237 1868 qui
2279 1786 2764 1869 προσελαναῖον

433 1886 596 1951 dixit
639 1887 983 1970 Pelasgum
1029 1887 1201 1966 (vide
1245 1886 1722 1953 Schneidewini
1767 1888 1996 1951 Philol.
2031 1889 2081 1952 Ι.
2128 1910 2189 1971 p.
2225 1891 2367 1970 425,
2414 1890 2763 1972 Bergkium

431 1988 610 2054 Poet.
655 1989 775 2072 lyr.
823 2009 884 2072 p.
938 1993 1120 2055 1059.
1169 1989 1272 2055 ed.
1317 1989 1401 2053 II.
1461 1988 1883 2073 Hippolytum
1927 1990 2259 2055 Dunckeri
2315 1996 2378 2055 et
2421 1990 2765 2056 Schneide-

429 2091 583 2155 wini
625 2112 687 2173 p.
740 2094 924 2173 136.),
971 2092 1262 2173 sequiore
1305 2097 1518 2156 aetate
1563 2092 1755 2156 etiam
1799 2092 2070 2156 Nonnus
2113 2092 2381 2175 Dionys.
2427 2092 2602 2173 XLI,
2649 2096 2764 2158 90:

431 2185 583 2256 οὐδὲ
628 2193 732 2255 καὶ
781 2186 940 2278 αὑτὴ
981 2186 1294 2278 Ἀρκαὸιή
1344 2192 1767 2276 προσέληνος.
1856 2192 2064 2274 Atque
2109 2192 2388 2258 omnium
2433 2194 2764 2259 verissime

429 2295 619 2359 huius
675 2295 972 2359 vocabuli
1033 2294 1561 2377 significationem
1607 2295 1764 2359 mihi
1818 2294 2146 2378 aperuisse
2202 2293 2455 2359 videtur
2499 2292 2765 2361 Ovidius

427 2396 603 2461 Fast.
647 2396 732 2477 ΙΙ,
781 2398 924 2462 289.
971 2415 1162 2477 quum
1207 2396 1359 2461 dicit
1402 2404 1745 2479 antequam
1792 2393 1877 2458 ad
1920 2413 2171 2460 cursum
2215 2396 2407 2461 lunae
2451 2396 2757 2462 describe·

429 2504 604 2580 retur
630 2517 838 2562 annus
868 2497 1063 2563 fuisse
1091 2495 1396 2580 Arcades,
1442 2500 1483 2562 i.
1518 2519 1570 2563 e.
1603 2506 1754 2564 ante
1785 2515 2037 2561 omnem
2068 2497 2566 2581 chronologiam,
2600 2518 2765 2581 quae

429 2599 676 2665 dicitur.
767 2598 951 2665 Certe
1008 2599 1090 2666 de
1135 2600 1514 2667 Hellenibus
1558 2622 1688 2665 non
1732 2597 2143 2681 cogitandum
2205 2605 2331 2681 est,
2393 2598 2562 2682 quod
2616 2600 2766 2666 fecit

426 2703 864 2782 Hermannus,
935 2723 1083 2767 nam
1150 2709 1301 2769 ante
1357 2703 1667 2768 Hellenas
1730 2701 1923 2767 etiam
1980 2700 2223 2766 Achaei
2287 2702 2596 2785 multique
2653 2703 2765 2767 alii

424 2804 940 2887 Peloponnesum
981 2805 1397 2869 incoluerunt.

600 2904 777 2969 Haec
851 2904 933 2970 de
1004 2905 1530 2989 interpretatione
1603 2903 1899 2968 vocabuli
1969 2901 2432 2986 βεκκεσέληνος
2502 2905 2766 2969 tradidit

428 3007 806 3088 Scholiasta,
851 3004 969 3072 sed
1011 3006 1067 3072 si
1111 3007 1250 3089 quis
1294 3013 1559 3089 quaerat
1616 3004 1696 3070 de
1737 3004 1881 3086 ipsa
1922 3003 2219 3069 vocabuli
2261 3003 2494 3086 forma,
2556 3007 2763 3087 qualis

424 3108 643 3189 fuerit,
713 3107 1352 3173 animadvertendum
1420 3115 1516 3173 est
1572 3105 1657 3172 ad
1717 3106 1918 3171 verba
1978 3105 2407 3188 grammatici:
2476 3106 2620 3170 δέον
2691 3106 2763 3172 δὲ

428 3208 644 3275 εἰπεῖν
702 3206 1068 3301 προσέληνε
1124 3206 1199 3272 τὸ
1257 3210 1371 3293 βὲκ
1415 3204 1828 3290 παρέπλεξεν
1890 3201 2054 3288 ὅπερ
2102 3204 2242 3271 ἐστὶ
2285 3205 2452 3271 κατὰ
2501 3204 2763 3291 Φρύγας

427 3308 643 3391 ἄρτος.
714 3310 915 3378 Vides
958 3331 1088 3376 non
1120 3312 1419 3395 scriptum
1458 3330 1600 3378 esse
1641 3307 1719 3372 τὸ
1763 3308 1877 3392 βὲκ
1921 3301 2099 3372 ἀντὶ
2146 3310 2263 3372 τοῦ
2309 3303 2444 3390 πρὸ
2492 3306 2758 3392 εἴρηκεν,

425 3412 541 3479 sed
573 3406 659 3476 ’τὸ
701 3410 816 3494 βὲκ
861 3435 1027 3495 παρ
1073 3411 1337 3493 έπλεξε,·
1381 3414 1571 3495 igitur
1612 3432 1744 3476 non
1785 3411 2054 3475 multum
2098 3411 2281 3476 abest
2310 3410 2462 3493 quin
2507 3409 2762 3476 credam

422 3515 619 3580 fuisse
664 3515 769 3597 qui
826 3514 1308 3600 βεκπροσέληνε
1366 3516 1655 3598 legerent
1697 3533 1812 3596 pro
1872 3509 2315 3595 βεκκεσέληνε,
2374 3510 2544 3594 quod
2600 3532 2763 3576 com-

425 3615 793 3700 ponendum
855 3617 973 3681 erit
1019 3637 1159 3681 cum
1203 3617 1440 3683 Musuri
1498 3617 1812 3699 scriptura
1855 3613 2275 3699 Βεκσέληνος.
2363 3614 2566 3695 Igitur
2613 3617 2764 3677 Βεκ-

425 3715 792 3801 προσέληνε
835 3717 1041 3783 videri
1083 3718 1283 3802 possit
1325 3717 1710 3800 significare:
1771 3737 1807 3779 o
1853 3726 1935 3789 tu,
1985 3716 2095 3800 qui
2125 3716 2341 3800 prisca
2384 3725 2451 3777 et
2490 3714 2763 3778 obsoleta

419 3819 686 3904 profers
717 3819 1126 3903 (προσέληνε)
1160 3820 1243 3882 ad
1270 3820 1514 3882 modum
1562 3839 1795 3895 eorum,
1843 3818 1953 3902 qm?
1989 3815 2226 3900 βέκος
2268 3817 2395 3881 vel
2439 3821 2485 3898 β
2501 3820 2579 3880 ἐκ
2624 3837 2762 3899 pro

425 3918 641 4005 ἄρτῳ
689 3921 916 3999 dic-unt,
961 3921 1260 4004 idemque
1317 3927 1486 3987 esset
1528 3939 1604 3985 ac
1646 3917 2055 4002 βεκκελόγος,
2116 3919 2157 3982 i.
2205 3937 2259 3983 e.
2319 3919 2571 4002 antiqua
2629 3919 2763 3980 dia-

425 4025 584 4086 lecto
630 4024 887 4087 locutu-9.

595 4125 727 4192 Sed
770 4123 1137 4191 sine-dubio
1183 4123 1713 4209 acquiescendum
1760 4122 1878 4189 erit
1918 4121 1986 4186 in
2017 4124 2327 4209 scriptura
2354 4118 2764 4204 βεκκεσέληνε

424 4247 591 4311 quae
634 4228 702 4292 in
748 4227 1051 4293 omnibus
1094 4226 1419 4293 codicibus
1448 4224 1895 4308 Aristophanis
1938 4224 2370 4291 circumfertur
2413 4229 2477 4287 et
2520 4226 2765 4286 susten-

423 4336 593 4394 tatur
636 4330 836 4396 etiam
881 4350 920 4394 a
963 4330 1306 4395 Plutarcho
1352 4328 1458 4408 (de
1488 4327 1704 4411 placit.
1736 4326 1969 4409 philos.
2000 4327 2051 4409 Ι,
2087 4329 2192 4407 7.),
2238 4323 2530 4389 omnibus
2571 4341 2767 4387 mem-

526 4439 821 4489 Gomvrmno,
850 4438 1069 4489 opuscula.
2298 4427 2358 4476 16
