<?xml version="1.0" encoding="UTF-8"?>
<!DOCTYPE html PUBLIC "-//W3C//DTD XHTML 1.0 Transitional//EN"
    "http://www.w3.org/TR/xhtml1/DTD/xhtml1-transitional.dtd">
<html xmlns="http://www.w3.org/1999/xhtml" xml:lang="en" lang="en">
 <head>
  <title>
</title>
<meta http-equiv="Content-Type" content="text/html;charset=utf-8" />
  <meta name='ocr-system' content='tesseract 3.04.00' />
  <meta name='ocr-capabilities' content='ocr_page ocr_carea ocr_par ocr_line ocrx_word'/>
</head>
<body>
  <div class='ocr_page' id='page_1' title='image "./opusculaacademi00goetgoog_0086.png"; bbox 0 0 3499 5219; ppageno 0'>
   <div class='ocr_carea' id='block_1_1' title="bbox 1706 435 2231 495">
    <p class='ocr_par' dir='ltr' id='par_1_1' title="bbox 1706 435 2231 495">
     <span class='ocr_line' id='line_1_1' title="bbox 1706 435 2231 495; baseline -0.004 -21"><span class='ocrx_word' id='word_1_1' title='bbox 1706 469 1840 474; x_wconf 43' lang='grc' dir='ltr'>ψ-</span> <span class='ocrx_word' id='word_1_2' title='bbox 1930 435 2009 495; x_wconf 78' lang='lat'>70</span> <span class='ocrx_word' id='word_1_3' title='bbox 2099 466 2231 472; x_wconf 33' lang='lat' dir='ltr'>Wi-</span> 
     </span>
    </p>
   </div>
   <div class='ocr_carea' id='block_1_2' title="bbox 786 595 3136 1398">
    <p class='ocr_par' dir='ltr' id='par_1_2' title="bbox 786 595 3136 1398">
     <span class='ocr_line' id='line_1_2' title="bbox 786 595 3136 687; baseline -0.005 -17"><span class='ocrx_word' id='word_1_4' title='bbox 786 605 970 687; x_wconf 91' lang='lat' dir='ltr'>gensi</span> <span class='ocrx_word' id='word_1_5' title='bbox 1013 602 1323 685; x_wconf 89' lang='lat' dir='ltr'>redivivo,</span> <span class='ocrx_word' id='word_1_6' title='bbox 1368 603 1731 667; x_wconf 83' lang='lat' dir='ltr'>Abrahamo</span> <span class='ocrx_word' id='word_1_7' title='bbox 1778 601 2058 679; x_wconf 83' lang='lat' dir='ltr'>Calovio,</span> <span class='ocrx_word' id='word_1_8' title='bbox 2105 599 2461 664; x_wconf 85' lang='lat' dir='ltr'>confutatus</span> <span class='ocrx_word' id='word_1_9' title='bbox 2505 606 2602 664; x_wconf 90' lang='lat' dir='ltr'>est</span> <span class='ocrx_word' id='word_1_10' title='bbox 2644 599 2948 662; x_wconf 87' lang='lat' dir='ltr'>acerrime</span> <span class='ocrx_word' id='word_1_11' title='bbox 2964 624 2987 673; x_wconf 94' lang='lat'>,·</span> <span class='ocrx_word' id='word_1_12' title='bbox 3025 595 3136 675; x_wconf 91' lang='lat' dir='ltr'>qui</span> 
     </span>
     <span class='ocr_line' id='line_1_3' title="bbox 789 700 3136 787; baseline -0.004 -15"><span class='ocrx_word' id='word_1_13' title='bbox 789 708 1152 787; x_wconf 91' lang='lat' dir='ltr'>theologiae</span> <span class='ocrx_word' id='word_1_14' title='bbox 1209 725 1341 769; x_wconf 92' lang='lat' dir='ltr'>non</span> <span class='ocrx_word' id='word_1_15' title='bbox 1395 705 1588 769; x_wconf 85' lang='lat' dir='ltr'>licere</span> <span class='ocrx_word' id='word_1_16' title='bbox 1644 703 2113 786; x_wconf 87' lang='lat' dir='ltr'>philosophari,</span> <span class='ocrx_word' id='word_1_17' title='bbox 2187 703 2643 781; x_wconf 89' lang='lat' dir='ltr'>Musaeumque</span> <span class='ocrx_word' id='word_1_18' title='bbox 2712 700 2917 780; x_wconf 88' lang='lat' dir='ltr'>magis</span> <span class='ocrx_word' id='word_1_19' title='bbox 2989 716 3136 763; x_wconf 90' lang='lat' dir='ltr'>esse</span> 
     </span>
     <span class='ocr_line' id='line_1_4' title="bbox 788 801 3131 893; baseline -0.004 -21"><span class='ocrx_word' id='word_1_20' title='bbox 788 808 1241 893; x_wconf 91' lang='lat' dir='ltr'>philosophum</span> <span class='ocrx_word' id='word_1_21' title='bbox 1286 827 1475 888; x_wconf 88' lang='lat' dir='ltr'>quam</span> <span class='ocrx_word' id='word_1_22' title='bbox 1518 807 1905 886; x_wconf 88' lang='lat' dir='ltr'>theologum,</span> <span class='ocrx_word' id='word_1_23' title='bbox 1951 805 2207 887; x_wconf 86' lang='lat' dir='ltr'>publice</span> <span class='ocrx_word' id='word_1_24' title='bbox 2250 804 2714 885; x_wconf 75' lang='lat' dir='ltr'>pronunciavit.</span> <span class='ocrx_word' id='word_1_25' title='bbox 2803 801 2938 883; x_wconf 93' lang='lat' dir='ltr'>Ipsi</span> <span class='ocrx_word' id='word_1_26' title='bbox 2981 818 3131 864; x_wconf 88' lang='lat' dir='ltr'>vero</span> 
     </span>
     <span class='ocr_line' id='line_1_5' title="bbox 787 902 3133 990; baseline -0.005 -15"><span class='ocrx_word' id='word_1_27' title='bbox 787 911 1069 990; x_wconf 90' lang='lat' dir='ltr'>Musaeo,</span> <span class='ocrx_word' id='word_1_28' title='bbox 1120 908 1269 972; x_wconf 90' lang='lat' dir='ltr'>dum</span> <span class='ocrx_word' id='word_1_29' title='bbox 1312 908 1783 990; x_wconf 79' lang='lat' dir='ltr'>philosophiam</span> <span class='ocrx_word' id='word_1_30' title='bbox 1825 908 1917 970; x_wconf 89' lang='lat' dir='ltr'>ita</span> <span class='ocrx_word' id='word_1_31' title='bbox 1960 907 2142 988; x_wconf 81' lang='lat' dir='ltr'>quasi</span> <span class='ocrx_word' id='word_1_32' title='bbox 2186 906 2308 970; x_wconf 91' lang='lat' dir='ltr'>sibi</span> <span class='ocrx_word' id='word_1_33' title='bbox 2351 906 2725 986; x_wconf 83' lang='lat' dir='ltr'>subiugasse</span> <span class='ocrx_word' id='word_1_34' title='bbox 2768 902 3024 967; x_wconf 85' lang='lat' dir='ltr'>videtur</span> <span class='ocrx_word' id='word_1_35' title='bbox 3064 908 3133 964; x_wconf 92' lang='lat' dir='ltr'>ut</span> 
     </span>
     <span class='ocr_line' id='line_1_6' title="bbox 787 1004 3130 1094; baseline -0.004 -18"><span class='ocrx_word' id='word_1_36' title='bbox 787 1014 855 1076; x_wconf 93' lang='lat' dir='ltr'>in</span> <span class='ocrx_word' id='word_1_37' title='bbox 898 1017 1223 1094; x_wconf 89' lang='lat' dir='ltr'>posterum</span> <span class='ocrx_word' id='word_1_38' title='bbox 1267 1010 1680 1074; x_wconf 81' lang='lat' dir='ltr'>famularetur</span> <span class='ocrx_word' id='word_1_39' title='bbox 1720 1009 2070 1090; x_wconf 90' lang='lat' dir='ltr'>theologis,</span> <span class='ocrx_word' id='word_1_40' title='bbox 2115 1009 2260 1091; x_wconf 89' lang='lat' dir='ltr'>ipsa</span> <span class='ocrx_word' id='word_1_41' title='bbox 2302 1006 2740 1090; x_wconf 80' lang='lat' dir='ltr'>philosophia,</span> <span class='ocrx_word' id='word_1_42' title='bbox 2788 1024 2956 1086; x_wconf 89' lang='lat' dir='ltr'>quae</span> <span class='ocrx_word' id='word_1_43' title='bbox 2998 1004 3130 1067; x_wconf 92' lang='lat' dir='ltr'>vin-</span> 
     </span>
     <span class='ocr_line' id='line_1_7' title="bbox 789 1107 3135 1194; baseline -0.004 -17"><span class='ocrx_word' id='word_1_44' title='bbox 789 1115 936 1178; x_wconf 93' lang='lat' dir='ltr'>cula</span> <span class='ocrx_word' id='word_1_45' title='bbox 975 1133 1107 1176; x_wconf 94' lang='lat' dir='ltr'>non</span> <span class='ocrx_word' id='word_1_46' title='bbox 1151 1113 1417 1194; x_wconf 89' lang='lat' dir='ltr'>patitur,</span> <span class='ocrx_word' id='word_1_47' title='bbox 1492 1112 1696 1175; x_wconf 89' lang='lat' dir='ltr'>evasit</span> <span class='ocrx_word' id='word_1_48' title='bbox 1736 1111 2085 1192; x_wconf 89' lang='lat' dir='ltr'>improvisa</span> <span class='ocrx_word' id='word_1_49' title='bbox 2137 1110 2454 1174; x_wconf 90' lang='lat' dir='ltr'>mordicus</span> <span class='ocrx_word' id='word_1_50' title='bbox 2509 1110 2754 1173; x_wconf 91' lang='lat' dir='ltr'>tenenti</span> <span class='ocrx_word' id='word_1_51' title='bbox 2807 1107 3135 1186; x_wconf 85' lang='lat' dir='ltr'>auctisque</span> 
     </span>
     <span class='ocr_line' id='line_1_8' title="bbox 789 1211 3134 1295; baseline -0.004 -16"><span class='ocrx_word' id='word_1_52' title='bbox 789 1214 1030 1279; x_wconf 87' lang='lat' dir='ltr'>viribus</span> <span class='ocrx_word' id='word_1_53' title='bbox 1085 1214 1386 1279; x_wconf 87' lang='lat' dir='ltr'>reditura.</span> <span class='ocrx_word' id='word_1_54' title='bbox 1474 1214 1673 1295; x_wconf 80' lang='lat' dir='ltr'>Igitur</span> <span class='ocrx_word' id='word_1_55' title='bbox 1729 1211 1974 1277; x_wconf 87' lang='lat' dir='ltr'>fortiter</span> <span class='ocrx_word' id='word_1_56' title='bbox 2042 1220 2365 1293; x_wconf 83' lang='lat' dir='ltr'>grassatus</span> <span class='ocrx_word' id='word_1_57' title='bbox 2437 1219 2536 1276; x_wconf 92' lang='lat' dir='ltr'>est</span> <span class='ocrx_word' id='word_1_58' title='bbox 2603 1212 2672 1275; x_wconf 93' lang='lat' dir='ltr'>in</span> <span class='ocrx_word' id='word_1_59' title='bbox 2743 1227 3134 1291; x_wconf 81' lang='lat' dir='ltr'>anonymum</span> 
     </span>
     <span class='ocr_line' id='line_1_9' title="bbox 790 1309 3133 1398; baseline -0.004 -18"><span class='ocrx_word' id='word_1_60' title='bbox 790 1315 1142 1398; x_wconf 90' lang='lat' dir='ltr'>quendam,</span> <span class='ocrx_word' id='word_1_61' title='bbox 1217 1316 1326 1396; x_wconf 89' lang='lat' dir='ltr'>qui</span> <span class='ocrx_word' id='word_1_62' title='bbox 1388 1336 1501 1397; x_wconf 89' lang='lat' dir='ltr'>pro</span> <span class='ocrx_word' id='word_1_63' title='bbox 1557 1314 1968 1397; x_wconf 91' lang='lat' dir='ltr'>philosophia</span> <span class='ocrx_word' id='word_1_64' title='bbox 2020 1315 2088 1378; x_wconf 92' lang='lat' dir='ltr'>in</span> <span class='ocrx_word' id='word_1_65' title='bbox 2146 1315 2503 1379; x_wconf 87' lang='lat' dir='ltr'>libertatem</span> <span class='ocrx_word' id='word_1_66' title='bbox 2559 1309 2952 1376; x_wconf 87' lang='lat' dir='ltr'>vindicanda</span> <span class='ocrx_word' id='word_1_67' title='bbox 3008 1311 3133 1374; x_wconf 87' lang='lat' dir='ltr'>elo-</span> 
     </span>
    </p>
   </div>
   <div class='ocr_carea' id='block_1_3' title="bbox 791 1414 3238 1499">
    <p class='ocr_par' dir='ltr' id='par_1_3' title="bbox 791 1414 3238 1499">
     <span class='ocr_line' id='line_1_10' title="bbox 791 1414 3238 1499; baseline -0.003 -17"><span class='ocrx_word' id='word_1_68' title='bbox 791 1418 1201 1499; x_wconf 87' lang='lat' dir='ltr'>quentissime</span> <span class='ocrx_word' id='word_1_69' title='bbox 1245 1437 1321 1480; x_wconf 90' lang='lat' dir='ltr'>ac</span> <span class='ocrx_word' id='word_1_70' title='bbox 1367 1415 1731 1481; x_wconf 88' lang='lat' dir='ltr'>doctissime</span> <span class='ocrx_word' id='word_1_71' title='bbox 1777 1414 2236 1497; x_wconf 79' lang='lat' dir='ltr'>disputaverat.</span> <span class='ocrx_word' id='word_1_72' title='bbox 2323 1415 2448 1479; x_wconf 91' lang='lat' dir='ltr'>Ille</span> <span class='ocrx_word' id='word_1_73' title='bbox 2503 1421 2716 1479; x_wconf 89' lang='lat' dir='ltr'>autem</span> <span class='ocrx_word' id='word_1_74' title='bbox 2773 1431 3132 1495; x_wconf 73' lang='lat' dir='ltr'>anonymus</span> <span class='ocrx_word' id='word_1_75' title='bbox 3233 1437 3238 1439; x_wconf 20' lang='grc' dir='ltr'><strong>Α</strong></span> 
     </span>
    </p>
   </div>
   <div class='ocr_carea' id='block_1_4' title="bbox 789 1514 3135 4449">
    <p class='ocr_par' dir='ltr' id='par_1_4' title="bbox 789 1514 3135 2718">
     <span class='ocr_line' id='line_1_11' title="bbox 790 1514 3135 1600; baseline -0.003 -17"><span class='ocrx_word' id='word_1_76' title='bbox 790 1538 977 1583; x_wconf 91' lang='lat' dir='ltr'>nemo</span> <span class='ocrx_word' id='word_1_77' title='bbox 1020 1520 1186 1582; x_wconf 90' lang='lat' dir='ltr'>alius</span> <span class='ocrx_word' id='word_1_78' title='bbox 1229 1518 1346 1582; x_wconf 87' lang='lat' dir='ltr'>fuit</span> <span class='ocrx_word' id='word_1_79' title='bbox 1389 1538 1579 1599; x_wconf 90' lang='lat' dir='ltr'>quam</span> <span class='ocrx_word' id='word_1_80' title='bbox 1624 1518 2009 1582; x_wconf 77' lang='lat' dir='ltr'>Benedictus</span> <span class='ocrx_word' id='word_1_81' title='bbox 2039 1518 2332 1600; x_wconf 86' lang='lat' dir='ltr'>Spinoza,</span> <span class='ocrx_word' id='word_1_82' title='bbox 2378 1517 2505 1597; x_wconf 91' lang='lat' dir='ltr'>qui,</span> <span class='ocrx_word' id='word_1_83' title='bbox 2553 1515 2820 1579; x_wconf 86' lang='lat' dir='ltr'>Oartesii</span> <span class='ocrx_word' id='word_1_84' title='bbox 2863 1514 3135 1595; x_wconf 89' lang='lat' dir='ltr'>vestigia</span> 
     </span>
     <span class='ocr_line' id='line_1_12' title="bbox 791 1616 3133 1703; baseline -0.003 -18"><span class='ocrx_word' id='word_1_85' title='bbox 791 1623 1046 1703; x_wconf 88' lang='lat' dir='ltr'>legens,</span> <span class='ocrx_word' id='word_1_86' title='bbox 1120 1627 1455 1684; x_wconf 90' lang='lat' dir='ltr'>tractatum</span> <span class='ocrx_word' id='word_1_87' title='bbox 1528 1620 1868 1702; x_wconf 73' lang='lat' dir='ltr'>scripserat</span> <span class='ocrx_word' id='word_1_88' title='bbox 1939 1618 2634 1701; x_wconf 89' lang='lat' dir='ltr'>theologicopoliticum</span> <span class='ocrx_word' id='word_1_89' title='bbox 2688 1652 2776 1663; x_wconf 88' lang='lat'>—-—</span> <span class='ocrx_word' id='word_1_90' title='bbox 2830 1617 2923 1680; x_wconf 92' lang='lat' dir='ltr'>sic</span> <span class='ocrx_word' id='word_1_91' title='bbox 2995 1616 3133 1696; x_wconf 90' lang='lat' dir='ltr'>ipse</span> 
     </span>
     <span class='ocr_line' id='line_1_13' title="bbox 791 1717 3133 1804; baseline -0.003 -18"><span class='ocrx_word' id='word_1_92' title='bbox 791 1722 1022 1786; x_wconf 90' lang='lat' dir='ltr'>librum</span> <span class='ocrx_word' id='word_1_93' title='bbox 1067 1742 1248 1786; x_wconf 91' lang='lat' dir='ltr'>suum</span> <span class='ocrx_word' id='word_1_94' title='bbox 1291 1722 1701 1804; x_wconf 88' lang='lat' dir='ltr'>inscripserat</span> <span class='ocrx_word' id='word_1_95' title='bbox 1740 1757 1828 1766; x_wconf 93' lang='lat'><em>-</em></span> <span class='ocrx_word' id='word_1_96' title='bbox 1871 1739 1995 1802; x_wconf 91' lang='lat' dir='ltr'>quo</span> <span class='ocrx_word' id='word_1_97' title='bbox 2039 1720 2520 1800; x_wconf 87' lang='lat' dir='ltr'>ostendebatur,</span> <span class='ocrx_word' id='word_1_98' title='bbox 2594 1719 2954 1783; x_wconf 83' lang='lat' dir='ltr'>libertatem</span> <span class='ocrx_word' id='word_1_99' title='bbox 2999 1717 3133 1799; x_wconf 88' lang='lat' dir='ltr'>phi-</span> 
     </span>
     <span class='ocr_line' id='line_1_14' title="bbox 789 1820 3135 1906; baseline -0.003 -19"><span class='ocrx_word' id='word_1_100' title='bbox 789 1824 1198 1906; x_wconf 90' lang='lat' dir='ltr'>losophandi,</span> <span class='ocrx_word' id='word_1_101' title='bbox 1244 1824 1405 1888; x_wconf 87' lang='lat' dir='ltr'>haec</span> <span class='ocrx_word' id='word_1_102' title='bbox 1446 1825 1590 1906; x_wconf 88' lang='lat' dir='ltr'>ipsa</span> <span class='ocrx_word' id='word_1_103' title='bbox 1632 1830 1781 1887; x_wconf 92' lang='lat' dir='ltr'>sunt</span> <span class='ocrx_word' id='word_1_104' title='bbox 1821 1823 2019 1887; x_wconf 90' lang='lat' dir='ltr'>verba</span> <span class='ocrx_word' id='word_1_105' title='bbox 2062 1822 2407 1905; x_wconf 82' lang='lat' dir='ltr'>Spinozae,</span> <span class='ocrx_word' id='word_1_106' title='bbox 2454 1843 2585 1886; x_wconf 91' lang='lat' dir='ltr'>non</span> <span class='ocrx_word' id='word_1_107' title='bbox 2626 1827 2906 1900; x_wconf 91' lang='lat' dir='ltr'>tantum,</span> <span class='ocrx_word' id='word_1_108' title='bbox 2952 1820 3135 1884; x_wconf 88' lang='lat' dir='ltr'>salva</span> 
     </span>
     <span class='ocr_line' id='line_1_15' title="bbox 790 1922 3135 2009; baseline -0.003 -19"><span class='ocrx_word' id='word_1_109' title='bbox 790 1927 1031 2009; x_wconf 91' lang='lat' dir='ltr'>pietate</span> <span class='ocrx_word' id='word_1_110' title='bbox 1074 1932 1138 1990; x_wconf 92' lang='lat' dir='ltr'>et</span> <span class='ocrx_word' id='word_1_111' title='bbox 1178 1926 1568 2009; x_wconf 89' lang='lat' dir='ltr'>reipublicae</span> <span class='ocrx_word' id='word_1_112' title='bbox 1612 1945 1804 2007; x_wconf 89' lang='lat' dir='ltr'>pace,</span> <span class='ocrx_word' id='word_1_113' title='bbox 1870 1944 2061 2007; x_wconf 92' lang='lat' dir='ltr'>posse</span> <span class='ocrx_word' id='word_1_114' title='bbox 2104 1924 2397 2007; x_wconf 88' lang='lat' dir='ltr'>concedi,</span> <span class='ocrx_word' id='word_1_115' title='bbox 2472 1924 2589 1988; x_wconf 92' lang='lat' dir='ltr'>sed</span> <span class='ocrx_word' id='word_1_116' title='bbox 2614 1922 2935 2002; x_wconf 76' lang='lat' dir='ltr'>eandem,</span> <span class='ocrx_word' id='word_1_117' title='bbox 3012 1922 3135 1985; x_wconf 87' lang='lat' dir='ltr'>nisi</span> 
     </span>
     <span class='ocr_line' id='line_1_16' title="bbox 791 2024 3132 2110; baseline -0.003 -19"><span class='ocrx_word' id='word_1_118' title='bbox 791 2048 934 2091; x_wconf 92' lang='lat' dir='ltr'>cum</span> <span class='ocrx_word' id='word_1_119' title='bbox 978 2047 1137 2110; x_wconf 83' lang='lat' dir='ltr'>pace</span> <span class='ocrx_word' id='word_1_120' title='bbox 1180 2028 1571 2109; x_wconf 85' lang='lat' dir='ltr'>reipublicae</span> <span class='ocrx_word' id='word_1_121' title='bbox 1614 2028 1882 2108; x_wconf 89' lang='lat' dir='ltr'>ipsaque</span> <span class='ocrx_word' id='word_1_122' title='bbox 1925 2028 2164 2109; x_wconf 92' lang='lat' dir='ltr'>pietate</span> <span class='ocrx_word' id='word_1_123' title='bbox 2219 2028 2359 2091; x_wconf 89' lang='lat' dir='ltr'>tolli</span> <span class='ocrx_word' id='word_1_124' title='bbox 2416 2047 2549 2090; x_wconf 93' lang='lat' dir='ltr'>non</span> <span class='ocrx_word' id='word_1_125' title='bbox 2602 2045 2824 2108; x_wconf 79' lang='lat' dir='ltr'>posse3</span> <span class='ocrx_word' id='word_1_126' title='bbox 2895 2024 3132 2088; x_wconf 88' lang='lat' dir='ltr'>theolo-</span> 
     </span>
     <span class='ocr_line' id='line_1_17' title="bbox 790 2124 3134 2210; baseline -0.001 -19"><span class='ocrx_word' id='word_1_127' title='bbox 790 2129 961 2210; x_wconf 84' lang='lat' dir='ltr'>giam</span> <span class='ocrx_word' id='word_1_128' title='bbox 1007 2130 1177 2192; x_wconf 90' lang='lat' dir='ltr'>enim</span> <span class='ocrx_word' id='word_1_129' title='bbox 1220 2129 1640 2193; x_wconf 86' lang='lat' dir='ltr'>fundamenta</span> <span class='ocrx_word' id='word_1_130' title='bbox 1682 2128 1920 2191; x_wconf 88' lang='lat' dir='ltr'>habere</span> <span class='ocrx_word' id='word_1_131' title='bbox 1963 2128 2153 2194; x_wconf 87' lang='lat' dir='ltr'>fidem</span> <span class='ocrx_word' id='word_1_132' title='bbox 2197 2137 2262 2194; x_wconf 93' lang='lat' dir='ltr'>et</span> <span class='ocrx_word' id='word_1_133' title='bbox 2309 2128 2799 2207; x_wconf 87' lang='lat' dir='ltr'>revelationem,</span> <span class='ocrx_word' id='word_1_134' title='bbox 2858 2124 3134 2208; x_wconf 88' lang='lat' dir='ltr'>philoso-</span> 
     </span>
     <span class='ocr_line' id='line_1_18' title="bbox 792 2226 3132 2312; baseline -0.002 -19"><span class='ocrx_word' id='word_1_135' title='bbox 792 2230 1011 2312; x_wconf 89' lang='lat' dir='ltr'>phiam</span> <span class='ocrx_word' id='word_1_136' title='bbox 1056 2231 1349 2294; x_wconf 90' lang='lat' dir='ltr'>notiones</span> <span class='ocrx_word' id='word_1_137' title='bbox 1393 2231 1485 2295; x_wconf 92' lang='lat' dir='ltr'>sic</span> <span class='ocrx_word' id='word_1_138' title='bbox 1529 2229 1734 2293; x_wconf 92' lang='lat' dir='ltr'>dictas</span> <span class='ocrx_word' id='word_1_139' title='bbox 1778 2249 2146 2294; x_wconf 91' lang='lat' dir='ltr'>communes</span> <span class='ocrx_word' id='word_1_140' title='bbox 2188 2230 2518 2309; x_wconf 88' lang='lat' dir='ltr'>solamque</span> <span class='ocrx_word' id='word_1_141' title='bbox 2557 2235 2872 2292; x_wconf 87' lang='lat' dir='ltr'>naturam.</span> <span class='ocrx_word' id='word_1_142' title='bbox 2952 2226 3132 2304; x_wconf 83' lang='lat' dir='ltr'>Quic-</span> 
     </span>
     <span class='ocr_line' id='line_1_19' title="bbox 793 2328 3128 2414; baseline -0.002 -19"><span class='ocrx_word' id='word_1_143' title='bbox 793 2331 947 2414; x_wconf 91' lang='lat' dir='ltr'>quid</span> <span class='ocrx_word' id='word_1_144' title='bbox 990 2331 1374 2395; x_wconf 84' lang='lat' dir='ltr'>indicaveris</span> <span class='ocrx_word' id='word_1_145' title='bbox 1420 2330 1501 2394; x_wconf 91' lang='lat' dir='ltr'>de</span> <span class='ocrx_word' id='word_1_146' title='bbox 1540 2331 1785 2395; x_wconf 89' lang='lat' dir='ltr'>Musaei</span> <span class='ocrx_word' id='word_1_147' title='bbox 1828 2332 2000 2395; x_wconf 88' lang='lat' dir='ltr'>irrito</span> <span class='ocrx_word' id='word_1_148' title='bbox 2045 2331 2381 2395; x_wconf 90' lang='lat' dir='ltr'>conamine</span> <span class='ocrx_word' id='word_1_149' title='bbox 2410 2330 2753 2411; x_wconf 87' lang='lat' dir='ltr'>Spinozam</span> <span class='ocrx_word' id='word_1_150' title='bbox 2795 2328 3128 2408; x_wconf 87' lang='lat' dir='ltr'>refutandi,</span> 
     </span>
     <span class='ocr_line' id='line_1_20' title="bbox 794 2431 3132 2515; baseline -0.002 -17"><span class='ocrx_word' id='word_1_151' title='bbox 794 2441 963 2498; x_wconf 90' lang='lat' dir='ltr'>certe</span> <span class='ocrx_word' id='word_1_152' title='bbox 1007 2434 1151 2496; x_wconf 83' lang='lat' dir='ltr'>huic</span> <span class='ocrx_word' id='word_1_153' title='bbox 1198 2434 1496 2514; x_wconf 86' lang='lat' dir='ltr'>theologo</span> <span class='ocrx_word' id='word_1_154' title='bbox 1538 2433 1783 2514; x_wconf 89' lang='lat' dir='ltr'>gratiae</span> <span class='ocrx_word' id='word_1_155' title='bbox 1828 2440 1976 2497; x_wconf 92' lang='lat' dir='ltr'>sunt</span> <span class='ocrx_word' id='word_1_156' title='bbox 2016 2432 2328 2514; x_wconf 86' lang='lat' dir='ltr'>agendae,</span> <span class='ocrx_word' id='word_1_157' title='bbox 2380 2433 2550 2514; x_wconf 91' lang='lat' dir='ltr'>quod</span> <span class='ocrx_word' id='word_1_158' title='bbox 2594 2433 2833 2515; x_wconf 90' lang='lat' dir='ltr'>primus</span> <span class='ocrx_word' id='word_1_159' title='bbox 2878 2431 3132 2496; x_wconf 84' lang='lat' dir='ltr'>Germa-</span> 
     </span>
     <span class='ocr_line' id='line_1_21' title="bbox 793 2531 3132 2618; baseline -0.001 -19"><span class='ocrx_word' id='word_1_160' title='bbox 793 2556 912 2600; x_wconf 89' lang='lat' dir='ltr'>nos</span> <span class='ocrx_word' id='word_1_161' title='bbox 956 2534 1286 2599; x_wconf 89' lang='lat' dir='ltr'>admonuit</span> <span class='ocrx_word' id='word_1_162' title='bbox 1329 2535 1557 2598; x_wconf 88' lang='lat' dir='ltr'>summi</span> <span class='ocrx_word' id='word_1_163' title='bbox 1601 2534 1997 2618; x_wconf 88' lang='lat' dir='ltr'>philosophi,</span> <span class='ocrx_word' id='word_1_164' title='bbox 2073 2535 2251 2598; x_wconf 90' lang='lat' dir='ltr'>cuius</span> <span class='ocrx_word' id='word_1_165' title='bbox 2296 2534 2441 2598; x_wconf 87' lang='lat' dir='ltr'>libri</span> <span class='ocrx_word' id='word_1_166' title='bbox 2496 2541 2722 2618; x_wconf 90' lang='lat' dir='ltr'>postea</span> <span class='ocrx_word' id='word_1_167' title='bbox 2776 2531 2932 2598; x_wconf 91' lang='lat' dir='ltr'>editi</span> <span class='ocrx_word' id='word_1_168' title='bbox 2989 2539 3132 2597; x_wconf 89' lang='lat' dir='ltr'>sunt</span> 
     </span>
     <span class='ocr_line' id='line_1_22' title="bbox 793 2637 1717 2718; baseline -0.002 -17"><span class='ocrx_word' id='word_1_169' title='bbox 793 2639 878 2701; x_wconf 88' lang='lat' dir='ltr'>ab</span> <span class='ocrx_word' id='word_1_170' title='bbox 922 2638 1050 2701; x_wconf 88' lang='lat' dir='ltr'>alio</span> <span class='ocrx_word' id='word_1_171' title='bbox 1094 2638 1395 2718; x_wconf 90' lang='lat' dir='ltr'>theologo</span> <span class='ocrx_word' id='word_1_172' title='bbox 1442 2637 1717 2701; x_wconf 88' lang='lat' dir='ltr'>lenensi.</span> 
     </span>
    </p>

    <p class='ocr_par' dir='ltr' id='par_1_5' title="bbox 795 2737 3135 4449">
     <span class='ocr_line' id='line_1_23' title="bbox 806 2737 3130 2820; baseline -0.002 -16"><span class='ocrx_word' id='word_1_173' title='bbox 806 2745 813 2752; x_wconf 82' lang='grc'><strong><em>’</em></strong></span> <span class='ocrx_word' id='word_1_174' title='bbox 964 2739 1059 2804; x_wconf 90' lang='lat' dir='ltr'>Ac</span> <span class='ocrx_word' id='word_1_175' title='bbox 1111 2745 1294 2804; x_wconf 87' lang='lat' dir='ltr'>tanta</span> <span class='ocrx_word' id='word_1_176' title='bbox 1345 2737 1461 2802; x_wconf 86' lang='lat' dir='ltr'>fuit</span> <span class='ocrx_word' id='word_1_177' title='bbox 1520 2738 1836 2803; x_wconf 83' lang='lat' dir='ltr'>Gerhardi</span> <span class='ocrx_word' id='word_1_178' title='bbox 1893 2745 1957 2803; x_wconf 91' lang='lat' dir='ltr'>et</span> <span class='ocrx_word' id='word_1_179' title='bbox 2011 2739 2255 2803; x_wconf 89' lang='lat' dir='ltr'>Musaei</span> <span class='ocrx_word' id='word_1_180' title='bbox 2309 2738 2483 2820; x_wconf 89' lang='lat' dir='ltr'>apud</span> <span class='ocrx_word' id='word_1_181' title='bbox 2531 2739 2867 2819; x_wconf 93' lang='lat' dir='ltr'>Ienenses,</span> <span class='ocrx_word' id='word_1_182' title='bbox 2942 2738 3130 2803; x_wconf 87' lang='lat' dir='ltr'>etiam</span> 
     </span>
     <span class='ocr_line' id='line_1_24' title="bbox 795 2839 3131 2922; baseline 0 -22"><span class='ocrx_word' id='word_1_183' title='bbox 795 2844 1201 2920; x_wconf 91' lang='lat' dir='ltr'>mortuorum,</span> <span class='ocrx_word' id='word_1_184' title='bbox 1247 2840 1605 2919; x_wconf 87' lang='lat' dir='ltr'>auctoritas,</span> <span class='ocrx_word' id='word_1_185' title='bbox 1650 2848 1720 2904; x_wconf 90' lang='lat' dir='ltr'>ut</span> <span class='ocrx_word' id='word_1_186' title='bbox 1756 2841 2163 2905; x_wconf 88' lang='lat' dir='ltr'>Leibnitiana</span> <span class='ocrx_word' id='word_1_187' title='bbox 2204 2840 2630 2922; x_wconf 84' lang='lat' dir='ltr'>philosophia,</span> <span class='ocrx_word' id='word_1_188' title='bbox 2677 2858 2838 2920; x_wconf 89' lang='lat' dir='ltr'>quae</span> <span class='ocrx_word' id='word_1_189' title='bbox 2881 2840 2950 2903; x_wconf 92' lang='lat' dir='ltr'>in</span> <span class='ocrx_word' id='word_1_190' title='bbox 2992 2839 3131 2902; x_wconf 91' lang='lat' dir='ltr'>reli-</span> 
     </span>
     <span class='ocr_line' id='line_1_25' title="bbox 795 2939 3131 3024; baseline 0.001 -23"><span class='ocrx_word' id='word_1_191' title='bbox 795 2940 986 3020; x_wconf 92' lang='lat' dir='ltr'>gione</span> <span class='ocrx_word' id='word_1_192' title='bbox 1030 2939 1373 3005; x_wconf 88' lang='lat' dir='ltr'>christiana</span> <span class='ocrx_word' id='word_1_193' title='bbox 1416 2962 1557 3005; x_wconf 89' lang='lat' dir='ltr'>cum</span> <span class='ocrx_word' id='word_1_194' title='bbox 1601 2943 2015 3024; x_wconf 91' lang='lat' dir='ltr'>philosophia</span> <span class='ocrx_word' id='word_1_195' title='bbox 2056 2940 2483 3005; x_wconf 88' lang='lat' dir='ltr'>consocianda</span> <span class='ocrx_word' id='word_1_196' title='bbox 2526 2941 2847 3022; x_wconf 88' lang='lat' dir='ltr'>egregiam</span> <span class='ocrx_word' id='word_1_197' title='bbox 2876 2959 3131 3023; x_wconf 90' lang='lat' dir='ltr'>operam</span> 
     </span>
     <span class='ocr_line' id='line_1_26' title="bbox 796 3042 3132 3125; baseline 0.001 -21"><span class='ocrx_word' id='word_1_198' title='bbox 796 3046 1127 3122; x_wconf 88' lang='lat' dir='ltr'>posuerat,</span> <span class='ocrx_word' id='word_1_199' title='bbox 1177 3042 1372 3106; x_wconf 89' lang='lat' dir='ltr'>lenae</span> <span class='ocrx_word' id='word_1_200' title='bbox 1388 3091 1404 3124; x_wconf 97' lang='lat'>,</span> <span class='ocrx_word' id='word_1_201' title='bbox 1464 3044 1573 3107; x_wconf 90' lang='lat' dir='ltr'>ubi</span> <span class='ocrx_word' id='word_1_202' title='bbox 1615 3044 1756 3125; x_wconf 91' lang='lat' dir='ltr'>ipse</span> <span class='ocrx_word' id='word_1_203' title='bbox 1799 3043 2156 3108; x_wconf 90' lang='lat' dir='ltr'>Leibnitius</span> <span class='ocrx_word' id='word_1_204' title='bbox 2199 3043 2424 3107; x_wconf 90' lang='lat' dir='ltr'>studiis</span> <span class='ocrx_word' id='word_1_205' title='bbox 2466 3043 2867 3124; x_wconf 90' lang='lat' dir='ltr'>incubuerat,</span> <span class='ocrx_word' id='word_1_206' title='bbox 2927 3062 3132 3123; x_wconf 91' lang='lat' dir='ltr'>neque</span> 
     </span>
     <span class='ocr_line' id='line_1_27' title="bbox 797 3142 3131 3227; baseline 0 -21"><span class='ocrx_word' id='word_1_207' title='bbox 797 3142 1077 3207; x_wconf 90' lang='lat' dir='ltr'>asseclas</span> <span class='ocrx_word' id='word_1_208' title='bbox 1122 3143 1438 3209; x_wconf 90' lang='lat' dir='ltr'>inveniret</span> <span class='ocrx_word' id='word_1_209' title='bbox 1478 3164 1688 3227; x_wconf 92' lang='lat' dir='ltr'>neque</span> <span class='ocrx_word' id='word_1_210' title='bbox 1730 3144 2200 3209; x_wconf 77' lang='lat' dir='ltr'>detrectatores,</span> <span class='ocrx_word' id='word_1_211' title='bbox 2274 3146 2506 3209; x_wconf 92' lang='lat' dir='ltr'>Postea</span> <span class='ocrx_word' id='word_1_212' title='bbox 2545 3152 2761 3209; x_wconf 87' lang='lat' dir='ltr'>tamen</span> <span class='ocrx_word' id='word_1_213' title='bbox 2804 3145 3131 3226; x_wconf 88' lang='lat' dir='ltr'>antiquam</span> 
     </span>
     <span class='ocr_line' id='line_1_28' title="bbox 798 3242 3133 3328; baseline 0.001 -22"><span class='ocrx_word' id='word_1_214' title='bbox 798 3242 1163 3323; x_wconf 88' lang='lat' dir='ltr'>theologiae</span> <span class='ocrx_word' id='word_1_215' title='bbox 1218 3243 1599 3309; x_wconf 90' lang='lat' dir='ltr'>discordiam</span> <span class='ocrx_word' id='word_1_216' title='bbox 1658 3266 1801 3310; x_wconf 92' lang='lat' dir='ltr'>cum</span> <span class='ocrx_word' id='word_1_217' title='bbox 1856 3247 2267 3328; x_wconf 89' lang='lat' dir='ltr'>philosophia</span> <span class='ocrx_word' id='word_1_218' title='bbox 2323 3247 2715 3311; x_wconf 88' lang='lat' dir='ltr'>continuavit</span> <span class='ocrx_word' id='word_1_219' title='bbox 2755 3246 2893 3309; x_wconf 95' lang='lat' dir='ltr'>Ioh.</span> <span class='ocrx_word' id='word_1_220' title='bbox 2939 3246 3133 3310; x_wconf 85' lang='lat' dir='ltr'>Fran-</span> 
     </span>
     <span class='ocr_line' id='line_1_29' title="bbox 799 3344 3133 3430; baseline 0.002 -22"><span class='ocrx_word' id='word_1_221' title='bbox 799 3345 1000 3408; x_wconf 89' lang='lat' dir='ltr'>ciscus</span> <span class='ocrx_word' id='word_1_222' title='bbox 1045 3344 1348 3410; x_wconf 89' lang='lat' dir='ltr'>Buddeus</span> <span class='ocrx_word' id='word_1_223' title='bbox 1391 3348 1809 3427; x_wconf 89' lang='lat' dir='ltr'>Pomeranus,</span> <span class='ocrx_word' id='word_1_224' title='bbox 1885 3347 1984 3411; x_wconf 88' lang='lat' dir='ltr'>vir</span> <span class='ocrx_word' id='word_1_225' title='bbox 2034 3348 2384 3413; x_wconf 89' lang='lat' dir='ltr'>immensae</span> <span class='ocrx_word' id='word_1_226' title='bbox 2440 3347 2764 3412; x_wconf 89' lang='lat' dir='ltr'>doctrinae</span> <span class='ocrx_word' id='word_1_227' title='bbox 2819 3353 2882 3412; x_wconf 89' lang='lat' dir='ltr'>et</span> <span class='ocrx_word' id='word_1_228' title='bbox 2937 3368 3133 3430; x_wconf 91' lang='lat' dir='ltr'>prope</span> 
     </span>
     <span class='ocr_line' id='line_1_30' title="bbox 801 3445 3133 3531; baseline 0.001 -20"><span class='ocrx_word' id='word_1_229' title='bbox 801 3445 1225 3511; x_wconf 82' lang='lat' dir='ltr'>Gerhardiani</span> <span class='ocrx_word' id='word_1_230' title='bbox 1254 3448 1471 3530; x_wconf 88' lang='lat' dir='ltr'>animi,</span> <span class='ocrx_word' id='word_1_231' title='bbox 1516 3449 1625 3529; x_wconf 92' lang='lat' dir='ltr'>qui</span> <span class='ocrx_word' id='word_1_232' title='bbox 1652 3454 1853 3512; x_wconf 91' lang='lat' dir='ltr'>totum</span> <span class='ocrx_word' id='word_1_233' title='bbox 1883 3449 2187 3513; x_wconf 88' lang='lat' dir='ltr'>ambitum</span> <span class='ocrx_word' id='word_1_234' title='bbox 2217 3450 2598 3531; x_wconf 89' lang='lat' dir='ltr'>theologiae,</span> <span class='ocrx_word' id='word_1_235' title='bbox 2643 3457 2713 3513; x_wconf 92' lang='lat' dir='ltr'>ut</span> <span class='ocrx_word' id='word_1_236' title='bbox 2751 3468 2939 3514; x_wconf 90' lang='lat' dir='ltr'>nemo</span> <span class='ocrx_word' id='word_1_237' title='bbox 2983 3455 3133 3514; x_wconf 89' lang='lat' dir='ltr'>ante</span> 
     </span>
     <span class='ocr_line' id='line_1_31' title="bbox 800 3548 3133 3634; baseline 0.001 -22"><span class='ocrx_word' id='word_1_238' title='bbox 800 3567 946 3612; x_wconf 90' lang='lat' dir='ltr'>eum</span> <span class='ocrx_word' id='word_1_239' title='bbox 961 3597 977 3629; x_wconf 93' lang='lat'>,</span> <span class='ocrx_word' id='word_1_240' title='bbox 1035 3548 1516 3630; x_wconf 89' lang='lat' dir='ltr'>comprehendit</span> <span class='ocrx_word' id='word_1_241' title='bbox 1558 3549 1977 3631; x_wconf 87' lang='lat' dir='ltr'>legendisque</span> <span class='ocrx_word' id='word_1_242' title='bbox 2019 3552 2297 3632; x_wconf 87' lang='lat' dir='ltr'>antiquis</span> <span class='ocrx_word' id='word_1_243' title='bbox 2341 3552 2739 3634; x_wconf 90' lang='lat' dir='ltr'>philosophis</span> <span class='ocrx_word' id='word_1_244' title='bbox 2782 3552 3133 3634; x_wconf 85' lang='lat' dir='ltr'>pleniorem</span> 
     </span>
     <span class='ocr_line' id='line_1_32' title="bbox 799 3647 3133 3735; baseline 0.003 -23"><span class='ocrx_word' id='word_1_245' title='bbox 799 3647 1080 3713; x_wconf 88' lang='lat' dir='ltr'>reddidit</span> <span class='ocrx_word' id='word_1_246' title='bbox 1120 3650 1242 3730; x_wconf 91' lang='lat' dir='ltr'>ita,</span> <span class='ocrx_word' id='word_1_247' title='bbox 1318 3657 1386 3714; x_wconf 92' lang='lat' dir='ltr'>ut</span> <span class='ocrx_word' id='word_1_248' title='bbox 1427 3651 1875 3735; x_wconf 89' lang='lat' dir='ltr'>philosophica</span> <span class='ocrx_word' id='word_1_249' title='bbox 1915 3652 2190 3735; x_wconf 90' lang='lat' dir='ltr'>quadam</span> <span class='ocrx_word' id='word_1_250' title='bbox 2246 3661 2380 3719; x_wconf 86' lang='lat' dir='ltr'>arte</span> <span class='ocrx_word' id='word_1_251' title='bbox 2435 3654 2824 3734; x_wconf 88' lang='lat' dir='ltr'>theologiam</span> <span class='ocrx_word' id='word_1_252' title='bbox 2877 3654 3133 3718; x_wconf 87' lang='lat' dir='ltr'>circum-</span> 
     </span>
     <span class='ocr_line' id='line_1_33' title="bbox 800 3749 3135 3837; baseline 0.002 -22"><span class='ocrx_word' id='word_1_253' title='bbox 800 3749 1119 3815; x_wconf 85' lang='lat' dir='ltr'>scriberet.</span> <span class='ocrx_word' id='word_1_254' title='bbox 1207 3750 1337 3816; x_wconf 86' lang='lat' dir='ltr'>Sed</span> <span class='ocrx_word' id='word_1_255' title='bbox 1383 3751 1532 3816; x_wconf 92' lang='lat' dir='ltr'>dum</span> <span class='ocrx_word' id='word_1_256' title='bbox 1574 3753 1819 3819; x_wconf 90' lang='lat' dir='ltr'>Musaei</span> <span class='ocrx_word' id='word_1_257' title='bbox 1874 3756 2255 3820; x_wconf 89' lang='lat' dir='ltr'>sententiam</span> <span class='ocrx_word' id='word_1_258' title='bbox 2307 3757 2587 3836; x_wconf 92' lang='lat' dir='ltr'>sequitur</span> <span class='ocrx_word' id='word_1_259' title='bbox 2640 3756 2723 3820; x_wconf 90' lang='lat' dir='ltr'>de</span> <span class='ocrx_word' id='word_1_260' title='bbox 2778 3755 3135 3837; x_wconf 90' lang='lat' dir='ltr'>subigenda</span> 
     </span>
     <span class='ocr_line' id='line_1_34' title="bbox 799 3850 3132 3939; baseline 0.003 -24"><span class='ocrx_word' id='word_1_261' title='bbox 799 3850 884 3915; x_wconf 90' lang='lat' dir='ltr'>ab</span> <span class='ocrx_word' id='word_1_262' title='bbox 926 3851 1242 3934; x_wconf 91' lang='lat' dir='ltr'>theologis</span> <span class='ocrx_word' id='word_1_263' title='bbox 1285 3853 1724 3937; x_wconf 87' lang='lat' dir='ltr'>philosophia,</span> <span class='ocrx_word' id='word_1_264' title='bbox 1770 3857 2063 3939; x_wconf 91' lang='lat' dir='ltr'>pervenit</span> <span class='ocrx_word' id='word_1_265' title='bbox 2105 3876 2213 3938; x_wconf 90' lang='lat' dir='ltr'>e0,</span> <span class='ocrx_word' id='word_1_266' title='bbox 2260 3864 2329 3921; x_wconf 92' lang='lat' dir='ltr'>ut</span> <span class='ocrx_word' id='word_1_267' title='bbox 2370 3859 2660 3923; x_wconf 85' lang='lat' dir='ltr'>lenensis</span> <span class='ocrx_word' id='word_1_268' title='bbox 2703 3858 3132 3923; x_wconf 86' lang='lat' dir='ltr'>universitatis</span> 
     </span>
     <span class='ocr_line' id='line_1_35' title="bbox 800 3953 3132 4042; baseline 0.002 -24"><span class='ocrx_word' id='word_1_269' title='bbox 800 3953 1129 4018; x_wconf 89' lang='lat' dir='ltr'>alumnum</span> <span class='ocrx_word' id='word_1_270' title='bbox 1173 3953 1492 4035; x_wconf 87' lang='lat' dir='ltr'>quendam</span> <span class='ocrx_word' id='word_1_271' title='bbox 1536 3957 2035 4038; x_wconf 90' lang='lat' dir='ltr'>celeberrimum,</span> <span class='ocrx_word' id='word_1_272' title='bbox 2083 3957 2509 4024; x_wconf 87' lang='lat' dir='ltr'>Christianum</span> <span class='ocrx_word' id='word_1_273' title='bbox 2542 3958 2882 4040; x_wconf 85' lang='lat' dir='ltr'>Wolffium,</span> <span class='ocrx_word' id='word_1_274' title='bbox 2927 3959 3132 4042; x_wconf 90' lang='lat' dir='ltr'>philo·</span> 
     </span>
     <span class='ocr_line' id='line_1_36' title="bbox 800 4055 3133 4138; baseline 0.002 -19"><span class='ocrx_word' id='word_1_275' title='bbox 800 4055 1072 4138; x_wconf 89' lang='lat' dir='ltr'>sophum</span> <span class='ocrx_word' id='word_1_276' title='bbox 1085 4104 1101 4137; x_wconf 95' lang='lat'>,</span> <span class='ocrx_word' id='word_1_277' title='bbox 1176 4056 1285 4137; x_wconf 95' lang='lat' dir='ltr'>qui</span> <span class='ocrx_word' id='word_1_278' title='bbox 1323 4056 1628 4122; x_wconf 87' lang='lat' dir='ltr'>Leibnitii</span> <span class='ocrx_word' id='word_1_279' title='bbox 1680 4057 2165 4124; x_wconf 90' lang='lat' dir='ltr'>reconditiorem</span> <span class='ocrx_word' id='word_1_280' title='bbox 2224 4059 2573 4126; x_wconf 87' lang='lat' dir='ltr'>doctrinam</span> <span class='ocrx_word' id='word_1_281' title='bbox 2618 4059 3023 4127; x_wconf 82' lang='lat' dir='ltr'>extenuando</span> <span class='ocrx_word' id='word_1_282' title='bbox 3068 4066 3133 4124; x_wconf 87' lang='lat' dir='ltr'>et</span> 
     </span>
     <span class='ocr_line' id='line_1_37' title="bbox 803 4154 3132 4245; baseline 0.002 -25"><span class='ocrx_word' id='word_1_283' title='bbox 803 4154 1211 4238; x_wconf 84' lang='lat' dir='ltr'>explanando</span> <span class='ocrx_word' id='word_1_284' title='bbox 1254 4158 1578 4239; x_wconf 89' lang='lat' dir='ltr'>ingentem</span> <span class='ocrx_word' id='word_1_285' title='bbox 1621 4162 2004 4243; x_wconf 90' lang='lat' dir='ltr'>applausum</span> <span class='ocrx_word' id='word_1_286' title='bbox 2049 4161 2172 4225; x_wconf 90' lang='lat' dir='ltr'>sibi</span> <span class='ocrx_word' id='word_1_287' title='bbox 2215 4169 2719 4245; x_wconf 86' lang='lat' dir='ltr'>comparaverat,</span> <span class='ocrx_word' id='word_1_288' title='bbox 2786 4169 2850 4227; x_wconf 92' lang='lat' dir='ltr'>et</span> <span class='ocrx_word' id='word_1_289' title='bbox 2890 4161 3132 4227; x_wconf 92' lang='lat' dir='ltr'>theolo-</span> 
     </span>
     <span class='ocr_line' id='line_1_38' title="bbox 800 4255 3131 4347; baseline 0.003 -27"><span class='ocrx_word' id='word_1_290' title='bbox 800 4256 948 4339; x_wconf 88' lang='lat' dir='ltr'>giae</span> <span class='ocrx_word' id='word_1_291' title='bbox 1003 4265 1066 4322; x_wconf 90' lang='lat' dir='ltr'>et</span> <span class='ocrx_word' id='word_1_292' title='bbox 1120 4255 1270 4323; x_wconf 92' lang='lat' dir='ltr'>fidei</span> <span class='ocrx_word' id='word_1_293' title='bbox 1325 4259 1706 4327; x_wconf 88' lang='lat' dir='ltr'>christianae</span> <span class='ocrx_word' id='word_1_294' title='bbox 1762 4261 2011 4328; x_wconf 84' lang='lat' dir='ltr'>officere</span> <span class='ocrx_word' id='word_1_295' title='bbox 2068 4261 2440 4329; x_wconf 84' lang='lat' dir='ltr'>declararet.</span> <span class='ocrx_word' id='word_1_296' title='bbox 2527 4266 2664 4330; x_wconf 91' lang='lat' dir='ltr'>Hoc</span> <span class='ocrx_word' id='word_1_297' title='bbox 2704 4264 2895 4347; x_wconf 87' lang='lat' dir='ltr'>igitur</span> <span class='ocrx_word' id='word_1_298' title='bbox 2935 4283 3131 4346; x_wconf 90' lang='lat' dir='ltr'>quum</span> 
     </span>
     <span class='ocr_line' id='line_1_39' title="bbox 801 4360 3133 4449; baseline 0.003 -27"><span class='ocrx_word' id='word_1_299' title='bbox 801 4360 1051 4442; x_wconf 87' lang='lat' dir='ltr'>scriptis</span> <span class='ocrx_word' id='word_1_300' title='bbox 1096 4360 1286 4426; x_wconf 88' lang='lat' dir='ltr'>etiam</span> <span class='ocrx_word' id='word_1_301' title='bbox 1331 4363 1746 4445; x_wconf 81' lang='lat' dir='ltr'>exposuisset,</span> <span class='ocrx_word' id='word_1_302' title='bbox 1797 4365 2124 4430; x_wconf 87' lang='lat' dir='ltr'>altercatio</span> <span class='ocrx_word' id='word_1_303' title='bbox 2168 4371 2387 4429; x_wconf 84' lang='lat' dir='ltr'>exorta</span> <span class='ocrx_word' id='word_1_304' title='bbox 2430 4372 2526 4431; x_wconf 86' lang='lat' dir='ltr'>est</span> <span class='ocrx_word' id='word_1_305' title='bbox 2565 4385 2773 4449; x_wconf 89' lang='lat' dir='ltr'>neque</span> <span class='ocrx_word' id='word_1_306' title='bbox 2814 4366 3133 4431; x_wconf 83' lang='lat' dir='ltr'>fructuosa</span> 
     </span>
    </p>
   </div>
  </div>
 </body>
</html>
