3499 5219
1375 466 1505 475 ...s-.-
1599 438 1636 502 3
1732 473 1853 480 ..-....

698 602 814 662 Illa
855 602 1091 680 quidem
1133 604 1271 666 diva
1314 609 1422 684 est,
1467 606 1571 666 sed
1615 607 1855 686 rustica,
1901 627 2172 686 quosque
2215 610 2511 687 gubernat

785 689 922 750 Non
964 688 1161 767 rigida
1198 690 1408 767 populi
1450 691 1778 753 rusticitate
1824 698 2046 755 carent.
2064 694 2107 769 ¹)

442 805 644 887 Igitur
684 805 828 889 ipsa
868 807 1022 872 urbs
1066 807 1309 890 Gotha,
1356 828 1521 890 quae
1563 810 1682 875 sub
1723 810 1942 893 aprieo
1985 813 2154 878 eolle
2192 812 2391 895 iacet,
2437 821 2540 881 est
2580 817 2793 899 patria

442 905 714 990 Stigelii,
759 928 891 974 non
934 928 1140 992 pagus
1183 908 1536 976 Gothanus.
1621 910 1880 977 Deinde
1922 913 2052 978 alio
2094 915 2237 980 loeo
2253 938 2268 980 ε
2284 916 2330 992 ²)

696 1029 890 1089 Gotba
931 1029 1072 1088 mihi
1114 1030 1309 1107 patria
1351 1034 1460 1110 est,
1503 1032 1672 1092 flavis
1713 1032 2013 1093 uberrima
2054 1035 2295 1115 eampis,

776 1113 889 1174 Hei
933 1114 1093 1195 mihi,
1138 1133 1245 1175 eur
1288 1134 1527 1194 campos
1567 1115 1872 1194 praeferat
1910 1118 2198 1195 ingeniis!

694 1201 832 1260 Non
873 1204 1067 1260 tamen
1111 1201 1240 1278 ipse
1284 1202 1494 1263 animis
1534 1202 1687 1263 male
1729 1221 1824 1261 me
1867 1204 2233 1280 sapientibus
2274 1223 2488 1286 aequo,
2567 1256 2574 1265 .

777 1284 882 1345 Sat
923 1285 1062 1345 mihi
1104 1287 1242 1347 dum
1285 1287 1512 1364 patriae
1556 1305 1684 1347 sum
1726 1287 1884 1349 bona
1926 1287 2083 1349 fama
2123 1309 2306 1350 meae.

437 1401 735 1484 Denique
749 1426 763 1468 τ
777 1403 824 1480 ³)

788 1523 983 1584 Gotha
1023 1523 1164 1583 mihi
1205 1524 1400 1600 patria
1443 1529 1551 1603 est,
1595 1525 1767 1586 flavis
1809 1527 2109 1587 uberrima
2150 1527 2391 1607 eampis,

868 1608 1032 1682 Quae
1077 1613 1249 1670 vetus
1293 1626 1330 1669 a
1374 1610 1581 1670 Gothis
1622 1611 1850 1673 ineluta
1890 1630 2100 1672 nomen
2143 1611 2342 1673 habet.

432 1725 699 1792 Aeeedit
759 1725 1193 1792 testimonium
1236 1726 1377 1791 Iobi
1420 1726 1689 1791 Fineelii
1702 1775 1719 1809 ,
1778 1728 1880 1792 eui
1932 1735 2242 1811 nupserat
2283 1728 2533 1811 Stigelii
2584 1752 2783 1816 soror,

430 1827 497 1890 in
543 1829 830 1893 oratione
875 1828 956 1894 de
998 1828 1135 1893 vita
1176 1835 1240 1893 et
1284 1828 1459 1893 obitu
1502 1828 1754 1911 Stigelii
1798 1829 2018 1909 (Ienae
2067 1833 2250 1895 1563.
2296 1832 2401 1907 8.).

603 1931 850 1996 Tamen
892 1930 1242 1996 Frimariae
1284 1950 1429 1996 eum
1470 1929 1668 1997 fuisse
1709 1937 1929 1997 natum
1944 1980 1964 2014 ,
2035 1931 2172 1997 foro
2228 1931 2533 2015 quodam,
2610 1936 2783 2018 quod

428 2031 602 2096 haud
644 2031 735 2097 ita
774 2032 970 2116 longe
1011 2034 1197 2100 abest
1237 2033 1321 2098 ab
1366 2033 1523 2098 urbe
1566 2032 1798 2115 Gotha‚
1846 2032 1913 2098 O.
1959 2032 2341 2115 Sagittarius
2386 2033 2547 2101 dixit
2590 2037 2780 2115 (Hist.

428 2133 616 2198 Goth.
661 2156 724 2218 p.
771 2138 942 2213 429.)
1002 2154 1190 2217 quem
1235 2135 1435 2200 seeuti
1476 2140 1626 2199 sunt
1667 2133 1870 2198 multi.
1963 2135 2047 2199 Et
2088 2155 2244 2201 sane
2285 2135 2598 2202 Frimaria
2647 2138 2778 2204 iam

427 2236 579 2300 olim
621 2236 741 2302 fuit
780 2237 961 2303 ferax
1006 2237 1332 2302 doctorum
1389 2235 1717 2300 hominum
1731 2285 1747 2317 ‚
1823 2236 1990 2301 inter
2048 2256 2219 2318 quos·
2257 2237 2624 2304 notissimus
2679 2248 2779 2306 est

426 2339 740 2405 Henrieus
786 2338 867 2404 de
910 2337 1241 2420 Frimaria,
1260 2339 1304 2414 ⁴)
1350 2337 1459 2419 qui
1501 2337 1579 2401 A.
1625 2336 2041 2403 MGCCXLII
2085 2338 2286 2404 lector
2328 2339 2465 2404 erat
2504 2340 2574 2405 in
2620 2340 2775 2407 Coe-

424 2440 618 2506 nobio
662 2440 960 2505 Gothano
1005 2446 1068 2506 et
1109 2442 1314 2506 multa
1356 2440 1609 2523 seripsit
1650 2439 2030 2523 theologica,
2077 2460 2287 2523 neque
2329 2440 2585 2524 ignotus
2621 2443 2776 2508 Bar-

334 2566 335 2569 *
421 2541 681 2607 tholdus
740 2542 821 2606 de
873 2542 1216 2625 Frimaria,
1292 2543 1401 2626 qui
1458 2543 1536 2607 A.
1594 2541 2008 2607 MCCCLIIII
2063 2543 2261 2609 leetor
2313 2542 2434 2608 fuit
2487 2543 2772 2611 eiusdem

421 2644 746 2729 coenobii3
806 2645 1066 2710 tandem
1125 2646 1380 2711 saeeulo
1438 2643 1684 2710 deeimo
1748 2651 1929 2710 sexto
1971 2644 2246 2709 innotuit
2286 2647 2537 2711 Marcus
2582 2648 2773 2731 Wag-

419 2765 610 2811 nerus
653 2746 1117 2829 FrimariensiS‚
1163 2748 1248 2812 M.
1293 2746 1498 2811 Flaeii
1540 2746 1801 2828 amiens,
1848 2747 1928 2811 N.
1959 2745 2301 2811 Frisehlini
2344 2745 2772 2816 adversarius.

418 2849 605 2913 Hune
647 2849 1055 2932 wag-nerum,
1100 2848 1288 2915 foruli
1333 2848 1431 2914 sui
1474 2849 2000 2930 amantissimum,
2054 2848 2342 2932 suspicor
2380 2848 2449 2912 in
2493 2869 2768 2917 errorem

416 2949 747 3015 induxisse
791 2950 1220 3032 Sagittarium.
1309 2951 1666 3034 Wagnerus
1725 2951 1924 3032 enim,
2002 2969 2365 3033 quanquam
2420 2951 2486 3015 in
2543 2951 2769 3018 libello

416 3051 692 3133 quodam
705 3052 750 3130 ⁵)
800 3073 930 3117 non
973 3052 1168 3136 plane
1213 3051 1376 3117 dixit
1420 3052 1753 3134 Stigelium
1798 3071 1940 3117 esse
1983 3052 2471 3118 Frimariensem
2486 3102 2503 3136 ‚
2550 3059 2767 3121 tamen

489 3313 498 3322 ·
548 3289 583 3353 ¹)
621 3289 780 3355 Saepe
815 3289 1027 3340 miratus
1062 3305 1187 3351 sum,
1225 3305 1316 3339 eur
1333 3289 1578 3354 Stigelius
1612 3289 1693 3338 his
1728 3287 1944 3353 aliisque
1978 3287 2206 3338 versibus
2252 3287 2313 3337 de
2354 3290 2770 3341 rusticitate

410 3375 608 3437 patriae
658 3390 778 3424 suae
829 3379 1035 3439 questus
1080 3376 1176 3436 sit,
1224 3373 1328 3423 nisi
1364 3374 1613 3425 crederem
1648 3374 1743 3423 hoc
1781 3374 2036 3439 pertinere
2071 3372 2135 3423 ad
2169 3371 2573 3424 malevolentiam
2610 3376 2764 3441 Greg.

410 3459 633 3509 Pontani
668 3457 971 3510 cancellarii
1006 3460 1061 3509 in
1102 3459 1292 3510 litteris
1340 3459 1404 3508 ad
1438 3459 1720 3512 Johannem
1753 3457 2071 3512 Friderieum
2105 3457 2167 3508 de
2203 3457 2420 3523 Stigelio
2452 3459 2651 3522 missis,
2699 3461 2766 3512 de

411 3543 580 3607 quibis
616 3543 724 3594 dixi
761 3560 871 3610 eap.
913 3544 1001 3596 IV.
1135 3543 1173 3606 ²)
1209 3542 1330 3597 Lib.
1365 3544 1463 3605 111,
1501 3543 1562 3593 el.
1601 3545 1682 3595 26.
1804 3542 1840 3605 ³)
1875 3542 1958 3592 El.
1976 3542 2092 3592 libr.
2114 3542 2360 3605 V111‚21.
2382 3541 2438 3592 Τ.
2457 3544 2498 3592 1.
2519 3543 2555 3594 f.
2581 3545 2765 3597 328.v.

409 3627 448 3690 ⁴)
485 3627 548 3680 V.
583 3627 732 3681 Corn.
770 3629 1059 3680 Dielmanni
1108 3628 1214 3678 vita
1259 3627 1475 3679 Henriei
1530 3628 1590 3678 de
1638 3626 1902 3677 Frimaria.
2046 3627 2083 3688 ⁵)
2119 3627 2327 3677 Berieht
2375 3644 2472 3677 von
2515 3628 2763 3681 Nicolaus

410 3714 655 3764 Storeken
691 3730 742 3780 p.
784 3717 860 3768 16.
932 3714 1045 3765 Hoe
1091 3713 1226 3763 libro
1275 3714 1386 3778 ipse
1434 3728 1536 3762 non
1586 3727 1703 3762 usus
1752 3727 1889 3773 sum,
1948 3711 2035 3762 sed
2082 3728 2263 3777 sequor
2315 3712 2568 3777 epitomen
2622 3715 2758 3780 apud

408 3799 783 3849 Brueekn'erum
832 3800 917 3851 in:
977 3798 1274 3863 Sammlung
1312 3797 1688 3848 verschiedener
1722 3797 2069 3847 Naehriehten
2104 3813 2168 3847 zu
2203 3797 2343 3848 einer
2378 3796 2762 3866 Besebreibung

407 3884 493 3934 des
527 3883 779 3938 Kirehen-
814 3885 920 3935 und
956 3883 1366 3935 Schuleustaates
1401 3884 1471 3933 im
1505 3883 1859 3947 Herzogtbum
1894 3882 2076 3933 Gotha.
2113 3881 2220 3932 XII
2255 3883 2327 3932 St.
2366 3899 2417 3949 p.
2436 3885 2520 3937 56.
2557 3888 2610 3936 et
2638 3885 2683 3947 Ι,
2707 3889 2759 3938 4.

405 3985 454 4032 p.
477 3970 559 4021 21.
618 3968 782 4025 Quam
814 3968 966 4022 fidem
1000 3972 1252 4020 mereatur
1285 3968 1669 4021 ventosissimus
1702 3971 1926 4033 nugator
1958 3968 2193 4034 exposuit
2211 3967 2600 4032 Schoettgenius
2622 3970 2758 4034 apud

404 4054 778 4105 Brueeknerum
824 4054 859 4105 l.
894 4054 929 4104 l.
983 4053 1058 4104 Cf.
1107 4056 1177 4106 D.
1214 4054 1302 4104 Fr.
1344 4054 1593 4105 Straussii
1622 4052 1806 4105 Nicod.
1843 4052 2098 4103 Frisehliu
2147 4068 2196 4118 p.
2235 4054 2348 4105 231.
2387 4059 2436 4104 et
2472 4054 2623 4121 Saliq
2658 4054 2756 4105 Hi-

404 4140 558 4188 stoi-ie
594 4139 683 4189 der
715 4139 904 4204 Augsb.
944 4137 1088 4189 Conf.
1125 4139 1221 4188 ΠΙ,
1257 4154 1308 4205 p.
1348 4139 1463 4190 280.
1534 4138 1707 4189 Etiam
1740 4136 1872 4187 illud
1908 4136 2180 4187 admodum
2226 4137 2435 4187 dubium
2495 4142 2572 4188 est
2620 4138 2756 4204 quod

402 4224 471 4274 Μ.
509 4224 797 4289 Wagnerus
832 4224 895 4274 de
930 4222 1231 4286 Chionium,
1283 4227 1341 4274 ut
1388 4227 1593 4275 auctore
1628 4222 1941 4274 cantilenae:
2013 4221 2218 4285 „Allein
2251 4237 2315 4272 zu
2349 4221 2433 4272 dir
2466 4222 2602 4273 Hert
2635 4224 2751 4275 Iesu

402 4308 605 4360 ohriet“
640 4309 787 4361 dixit.
858 4306 914 4358 V.
949 4308 1048 4360 Iul.
1083 4308 1340 4361 Muemllz
1379 4307 1660 4360 Geistliebe
1692 4307 1880 4358 Lieder
1914 4307 2002 4358 der
2027 4307 2270 4373 Evangel.
2300 4306 2491 4360 Kirebe
2521 4322 2622 4360 aus.
2641 4307 2752 4360 dem

400 4393 749 4474 xv14Jahrh.
788 4393 842 4444 rr.
883 4395 924 4445 1.
962 4409 1011 4459 p.
1052 4394 1131 4445 94.

2283 4477 2341 4526 ¹*
