3499 5219
1685 389 2260 452 --148-—

792 557 1004 640 Atque
1057 557 1460 641 ineptissima
1515 555 1838 622 sententia
1891 555 1996 621 hic
2050 555 2356 639 scriptum
2399 575 2542 622 esse
2584 556 2859 640 Apuliae
2902 555 3140 622 dudum

792 659 1045 725 viderat
1086 660 1161 723 R.
1207 657 1537 724 Bentleius
1595 677 1719 740 quo
1780 664 1918 723 erat
1970 657 2221 741 pulchri
2276 677 2469 723 sensu
2483 705 2502 739 ‚
2559 677 2927 740 quanquam
2972 658 3139 741 quod

794 761 936 846 ipse
991 748 1374 826 substituere
1427 766 1695 825 conatus
1758 766 1856 824 est
1910 761 2124 823 lim'na
2175 758 2429 821 sed-ulae
2491 758 2687 841 (quod
2743 760 3137 842 aliquantum

795 860 994 929 distat
1035 881 1079 926 a
1118 861 1408 946 vestigiis
1450 862 1829 938 litterarum)
1873 861 2183 926 nutricem
2228 860 2554 943 quandam
2597 861 2848 926 Horatii
2901 863 2970 927 in
3013 881 3138 928 car·

793 984 944 1030 men
985 962 1195 1045 infert,
1242 982 1408 1046 quae
1452 962 1642 1028 officii
1685 963 1785 1028 sui
1828 962 1994 1028 adeo
2036 962 2155 1027 fuit
2197 962 2548 1044 immemor,
2593 969 2664 1028 ut
2694 982 2960 1046 puerum
2990 984 3139 1031 suae

793 1064 1124 1132 custodiae
1177 1064 1480 1130 traditum
1535 1085 1794 1149 prorsus
1848 1064 2225 1147 negligeret.
2326 1063 2450 1143 Qui
2520 1070 2666 1148 post
2731 1065 2932 1131 secuti
2998 1073 3141 1132 sunt

794 1168 1073 1234 editores
1123 1166 1372 1232 Horatii
1426 1166 1619 1232 etiam
1674 1185 2040 1232 mensuram
2091 1165 2371 1250 Apuliae
2434 1166 2734 1231 vocabuli
2799 1165 3141 1235 defendere

794 1269 1174 1335 studuerunt
1243 1267 1511 1334 frustra:
1583 1269 2037 1333 Lachmannus
2110 1267 2280 1332 enim
2351 1266 2436 1331 ad
2499 1267 2863 1333 Lucretium
2931 1291 2994 1354 p.
3039 1274 3137 1346 37,

796 1368 1257 1436 demonstravit
1311 1370 1440 1452 „de
1479 1370 1731 1452 ,Apulia
1790 1375 1854 1433 et
1909 1369 2136 1452 Apulis
2198 1388 2525 1451 nunquam
2584 1368 2944 1436 dubitatum
3001 1390 3137 1438 esse

793 1472 949 1555 quin
989 1471 1198 1556 prima
1238 1470 1497 1556 syllaba
1537 1468 1956 1554 producenda
1998 1469 2233 1536 esset.“
2319 1469 2451 1537 Sed
2507 1470 2839 1537 Horatium
2856 1520 2874 1554 ,
2932 1473 3136 1557 ipsum
3228 1466 3231 1469 ’

793 1574 1075 1657 Apulum
1089 1621 1108 1656 ‚
1165 1573 1289 1640 hac
1332 1572 1461 1638 oda
1503 1571 1686 1654 quasi
1727 1571 1910 1637 aliud
1953 1579 2250 1655 agentem
2294 1591 2592 1639 narrasse
2631 1573 2920 1651 altricem
2962 1595 3138 1641 suam

789 1676 992 1742 fuisse
1045 1675 1321 1759 Apulam
1382 1674 1489 1740 vel
1545 1672 1864 1737 Dauniam
1933 1673 2076 1757 quis
2144 1671 2364 1738 credat
2427 1674 2537 1756 qui
2604 1682 2862 1758 poetam
2932 1675 3139 1742 norit?

793 1776 993 1856 Quasi
1036 1775 1406 1859 cuiusquam
1450 1774 1762 1857 potuisset
1802 1775 2113 1841 interesse
2167 1775 2332 1840 scire
2372 1775 2649 1857 Apulam
2664 1825 2680 1857 ,
2737 1798 2869 1842 non
2922 1777 3139 1844 alieni-

791 1897 1031 1961 genam
1085 1878 1397 1964 nutricem
1452 1875 1758 1943 habuisse
1811 1876 2143 1942 Horatium
2159 1925 2177 1959 ‚
2242 1877 2349 1959 qui
2407 1884 2603 1944 antea
2653 1886 3029 1945 narraverat
3075 1879 3141 1944 in

797 1981 944 2064 ipsa
984 1978 1253 2064 Apulia,
1311 1977 1522 2063 patria
1563 1998 1712 2061 sua,
1768 1978 2007 2044 factum
2050 1978 2119 2044 id
2160 1998 2310 2066 esse
2346 1978 2518 2060 quod
2561 1978 2914 2062 descripsit.
2987 1980 3141 2046 Mihi

791 2081 988 2164 igitur
1031 2079 1285 2147 videtur
1327 2079 1570 2146 dixisse

1448 2234 1544 2294 Me
1588 2233 1860 2294 fabuloso
1905 2233 2155 2294 Volture
2198 2233 2259 2292 in
2302 2233 2501 2310 Apulo

1446 2317 1690 2379 Altricis
1736 2323 1908 2378 extra
1951 2318 2153 2394 limina
2196 2321 2442 2378 villulae

800 2471 969 2569 quod
1028 2506 1219 2569 quum
1276 2485 1700 2567 antiquissimi
1755 2484 2010 2551 codices
2062 2484 2415 2568 praebeant
2470 2486 2681 2547 limina
2727 2486 2977 2549 Pulliae
3030 2508 3140 2571 pro

800 2590 981 2651 limen
1015 2586 1292 2671 Apuliae
1333 2607 1465 2653 non
1508 2585 1672 2652 adeo
1713 2586 2017 2654 recedere
2058 2607 2100 2651 a
2143 2585 2436 2654 ductibus
2477 2587 2831 2653 litterarum
2862 2588 2942 2655 iis
2972 2590 3142 2657 vidc-

801 2691 971 2755 bitur
1026 2691 1133 2772 qui
1188 2690 1396 2756 sciunt
1453 2709 1645 2772 quam
1701 2689 1995 2771 proxime
2045 2688 2216 2754 absit
2257 2689 2326 2753 in
2369 2689 2759 2755 membranis
2801 2691 2854 2755 P
2893 2692 3142 2758 litterae

801 2791 1002 2874 figura
1044 2792 1127 2856 ab
1174 2791 1232 2855 V
1273 2792 1487 2856 littera
1530 2795 1615 2869 (v.
1660 2790 1901 2873 Koppii
1952 2791 2276 2874 palaeogr.
2321 2809 2407 2856 cr.
2450 2792 2528 2855 T.
2573 2792 2626 2856 Ι.
2683 2812 2747 2874 p.
2798 2796 2993 2874 103.),
3054 2795 3142 2859 in·

802 2893 1022 2976 primis
1091 2893 1148 2957 si
1209 2892 1758 2958 animadvertatur
1811 2910 2002 2974 quam
2054 2890 2245 2958 facile
2302 2892 2385 2957 ab
2441 2892 2732 2959 clausula
2785 2913 3009 2961 versus
3068 2901 3140 2961 10

800 2994 887 3059 ad
929 2994 1221 3059 ultimum
1275 2993 1717 3061 antecedentis
1767 2993 2064 3059 versiculi
2106 2993 2489 3059 vocabulum
2529 2995 2829 3061 aberrare
2871 2998 3141 3079 potuerit
3227 2994 3240 3008 ⁰

800 3096 1044 3161 librarii
1115 3096 1352 3161 oculus.
1452 3096 1603 3178 Ipso
1677 3100 1892 3161 autem
1961 3095 2229 3161 villulae
2297 3095 2557 3162 nomine
2627 3097 2784 3163 satis
2840 3096 3144 3165 indicavit

800 3197 1158 3263 modestam
1213 3197 1309 3262 rei
1357 3196 1689 3263 familiaris
1731 3196 2182 3279 conditionem,
2228 3196 2407 3262 velut
2446 3197 2610 3262 illud
2654 3205 2751 3264 est
2793 3199 2966 3282 quod
3009 3200 3141 3267 Sta-

799 3298 925 3364 tius
968 3298 1147 3383 Sylv.
1194 3297 1272 3380 V,
1322 3303 1377 3380 1,
1430 3301 1568 3362 121.
1614 3297 1698 3364 de
1739 3299 2043 3366 universa
2083 3298 2361 3382 Apuliae
2402 3306 2780 3384 paupertate
2824 3300 3013 3367 dicit:

1085 3425 1225 3529 Ipsa
1267 3451 1753 3529 dapesmodicas
1798 3456 1857 3512 et
1897 3452 2096 3513 sobria
2138 3453 2353 3529 pocula
2395 3453 2594 3532 tradit,

1083 3537 1554 3614 Exemplumque
1599 3533 1674 3596 ad
1716 3537 1907 3597 herile
1951 3542 2168 3616 monet,
2210 3538 2376 3597 velut
2416 3538 2617 3615 Apula
2662 3538 2876 3599 coniux

1085 3622 1402 3699 Agricolae
1447 3622 1631 3699 parci.

804 3788 974 3855 Usus
1028 3795 1127 3855 est
1184 3788 1411 3855 eodem
1471 3788 1866 3854 deminutivo
1909 3788 2211 3855 Horatius
2253 3787 2413 3855 Satt.
2458 3789 2509 3871 Ι,
2555 3794 2615 3878 5,
2661 3793 2762 3855 41.
2848 3790 3143 3857 Proxima

806 3890 1134 3974 Campano
1176 3892 1357 3974 ponti
1399 3909 1566 3974 quae
1606 3890 1862 3971 villula,
1930 3898 2165 3957 tectum
2218 3889 2514 3974 praebuit
2570 3897 2634 3957 et
2674 3892 2941 3975 parochi
2983 3912 3143 3977 quae

671 4050 679 4060 .
805 3992 1043 4058 debent
1086 3992 1324 4089 lingua
1353 3992 1702 4076 salemque.
1792 3991 2003 4057 Etiam
2048 3990 2335 4074 Catullus
2378 3992 2622 4074 XXVI,
2675 3998 2728 4057 1.

1367 4145 1532 4224 Furi,
1576 4144 1786 4205 villula
1827 4150 2031 4207 nostra
2071 4163 2191 4205 non
2233 4145 2309 4204 ad
2353 4146 2557 4206 Austri

1365 4231 1574 4292 Flatus
1618 4231 1890 4307 opposita
1930 4234 2037 4309 est,
2081 4248 2193 4289 nec
2236 4230 2311 4289 ad
2352 4231 2580 4290 Favoni

1369 4316 1498 4375 Nec
1540 4316 1705 4375 saevi
1747 4316 1995 4395 Boreae,
2039 4318 2141 4375 aut
2183 4315 2512 4392 Apeliotae.
