<?xml version="1.0" encoding="UTF-8"?>
<!DOCTYPE html PUBLIC "-//W3C//DTD XHTML 1.0 Transitional//EN"
    "http://www.w3.org/TR/xhtml1/DTD/xhtml1-transitional.dtd">
<html xmlns="http://www.w3.org/1999/xhtml" xml:lang="en" lang="en">
 <head>
  <title>
</title>
<meta http-equiv="Content-Type" content="text/html;charset=utf-8" />
  <meta name='ocr-system' content='tesseract 3.04.00' />
  <meta name='ocr-capabilities' content='ocr_page ocr_carea ocr_par ocr_line ocrx_word'/>
</head>
<body>
  <div class='ocr_page' id='page_1' title='image "./opusculaacademi00goetgoog_0249.png"; bbox 0 0 3499 5219; ppageno 0'>
   <div class='ocr_carea' id='block_1_1' title="bbox 1287 402 1852 466">
    <p class='ocr_par' dir='ltr' id='par_1_1' title="bbox 1287 402 1852 466">
     <span class='ocr_line' id='line_1_1' title="bbox 1287 402 1852 466; baseline 0.002 -1"><span class='ocrx_word' id='word_1_1' title='bbox 1287 402 1852 466; x_wconf 81' lang='lat'><strong>——233—</strong></span> 
     </span>
    </p>
   </div>
   <div class='ocr_carea' id='block_1_2' title="bbox 400 567 2738 2685">
    <p class='ocr_par' dir='ltr' id='par_1_2' title="bbox 400 567 2732 1062">
     <span class='ocr_line' id='line_1_2' title="bbox 400 567 2723 653; baseline 0.002 -19"><span class='ocrx_word' id='word_1_2' title='bbox 400 588 534 635; x_wconf 90' lang='lat' dir='ltr'><strong>non</strong></span> <span class='ocrx_word' id='word_1_3' title='bbox 564 567 816 633; x_wconf 89' lang='lat' dir='ltr'><strong>videtur</strong></span> <span class='ocrx_word' id='word_1_4' title='bbox 857 567 1147 635; x_wconf 86' lang='lat' dir='ltr'><strong>sufficere</strong></span> <span class='ocrx_word' id='word_1_5' title='bbox 1185 575 1527 653; x_wconf 88' lang='lat' dir='ltr'><strong>propterea</strong></span> <span class='ocrx_word' id='word_1_6' title='bbox 1566 569 1737 651; x_wconf 90' lang='lat' dir='ltr'><strong>quod</strong></span> <span class='ocrx_word' id='word_1_7' title='bbox 1780 575 1846 636; x_wconf 91' lang='lat' dir='ltr'><strong>et</strong></span> <span class='ocrx_word' id='word_1_8' title='bbox 1884 570 2033 636; x_wconf 90' lang='lat' dir='ltr'><strong>aliis</strong></span> <span class='ocrx_word' id='word_1_9' title='bbox 2074 570 2332 653; x_wconf 79' lang='lat' dir='ltr'><strong>tragicis</strong></span> <span class='ocrx_word' id='word_1_10' title='bbox 2373 571 2569 639; x_wconf 89' lang='lat' dir='ltr'><strong>iidem</strong></span> <span class='ocrx_word' id='word_1_11' title='bbox 2612 574 2723 640; x_wconf 65' lang='lat' dir='ltr'><strong>hoo</strong></span> 
     </span>
     <span class='ocr_line' id='line_1_3' title="bbox 401 669 2729 758; baseline 0.003 -23"><span class='ocrx_word' id='word_1_12' title='bbox 401 689 591 736; x_wconf 87' lang='lat' dir='ltr'><strong>nores</strong></span> <span class='ocrx_word' id='word_1_13' title='bbox 643 670 861 735; x_wconf 88' lang='lat' dir='ltr'><strong>tributi</strong></span> <span class='ocrx_word' id='word_1_14' title='bbox 913 677 1080 736; x_wconf 90' lang='lat' dir='ltr'><strong>sunt.</strong></span> <span class='ocrx_word' id='word_1_15' title='bbox 1179 670 1254 736; x_wconf 90' lang='lat' dir='ltr'><strong>V.</strong></span> <span class='ocrx_word' id='word_1_16' title='bbox 1315 671 1598 736; x_wconf 87' lang='lat' dir='ltr'><strong>Boeckh.</strong></span> <span class='ocrx_word' id='word_1_17' title='bbox 1655 669 1738 736; x_wconf 92' lang='lat' dir='ltr'><strong>de</strong></span> <span class='ocrx_word' id='word_1_18' title='bbox 1791 690 1962 755; x_wconf 89' lang='lat' dir='ltr'><strong>grac.</strong></span> <span class='ocrx_word' id='word_1_19' title='bbox 2020 678 2180 755; x_wconf 87' lang='lat' dir='ltr'><strong>trag.</strong></span> <span class='ocrx_word' id='word_1_20' title='bbox 2237 672 2439 756; x_wconf 89' lang='lat' dir='ltr'><strong>princ.</strong></span> <span class='ocrx_word' id='word_1_21' title='bbox 2499 694 2564 758; x_wconf 88' lang='lat' dir='ltr'><strong>p.</strong></span> <span class='ocrx_word' id='word_1_22' title='bbox 2626 678 2729 741; x_wconf 80' lang='lat'><strong>27.</strong></span> 
     </span>
     <span class='ocr_line' id='line_1_4' title="bbox 402 771 2726 855; baseline 0 -15"><span class='ocrx_word' id='word_1_23' title='bbox 402 773 605 840; x_wconf 84' lang='lat' dir='ltr'><strong>Multo</strong></span> <span class='ocrx_word' id='word_1_24' title='bbox 642 771 1028 839; x_wconf 88' lang='lat' dir='ltr'><strong>reconditius</strong></span> <span class='ocrx_word' id='word_1_25' title='bbox 1069 771 1533 855; x_wconf 78' lang='lat' dir='ltr'><strong>Aristophanes</strong></span> <span class='ocrx_word' id='word_1_26' title='bbox 1574 771 1733 839; x_wconf 92' lang='lat' dir='ltr'><strong>mihi</strong></span> <span class='ocrx_word' id='word_1_27' title='bbox 1774 772 2029 840; x_wconf 88' lang='lat' dir='ltr'><strong>videtur</strong></span> <span class='ocrx_word' id='word_1_28' title='bbox 2073 774 2371 841; x_wconf 78' lang='lat' dir='ltr'><strong>allusisse</strong></span> <span class='ocrx_word' id='word_1_29' title='bbox 2413 774 2500 841; x_wconf 94' lang='lat' dir='ltr'><strong>ad</strong></span> <span class='ocrx_word' id='word_1_30' title='bbox 2542 795 2726 843; x_wconf 88' lang='lat' dir='ltr'><strong>ceno-</strong></span> 
     </span>
     <span class='ocr_line' id='line_1_5' title="bbox 405 873 2732 961; baseline 0.001 -20"><span class='ocrx_word' id='word_1_31' title='bbox 405 876 611 959; x_wconf 90' lang='lat' dir='ltr'><strong>taphii</strong></span> <span class='ocrx_word' id='word_1_32' title='bbox 651 874 1014 959; x_wconf 79' lang='lat' dir='ltr'>imaginem,</span> <span class='ocrx_word' id='word_1_33' title='bbox 1059 892 1224 958; x_wconf 88' lang='lat' dir='ltr'><strong>quae</strong></span> <span class='ocrx_word' id='word_1_34' title='bbox 1263 873 1804 940; x_wconf 89' lang='lat' dir='ltr'><strong>immortalitatem</strong></span> <span class='ocrx_word' id='word_1_35' title='bbox 1847 882 2209 957; x_wconf 87' lang='lat' dir='ltr'><strong>poematum</strong></span> <span class='ocrx_word' id='word_1_36' title='bbox 2250 877 2732 961; x_wconf 86' lang='lat' dir='ltr'><strong>aeschyleorum</strong></span> 
     </span>
     <span class='ocr_line' id='line_1_6' title="bbox 407 973 1466 1062; baseline -0.001 -20"><span class='ocrx_word' id='word_1_37' title='bbox 407 978 663 1062; x_wconf 89' lang='lat' dir='ltr'><strong>publice</strong></span> <span class='ocrx_word' id='word_1_38' title='bbox 703 976 1039 1044; x_wconf 87' lang='lat' dir='ltr'><strong>videbatur</strong></span> <span class='ocrx_word' id='word_1_39' title='bbox 1077 973 1466 1043; x_wconf 85' lang='lat' dir='ltr'><strong>confirmare.</strong></span> 
     </span>
    </p>

    <p class='ocr_par' dir='ltr' id='par_1_3' title="bbox 408 1076 2738 2180">
     <span class='ocr_line' id='line_1_7' title="bbox 578 1076 2735 1163; baseline 0.001 -19"><span class='ocrx_word' id='word_1_40' title='bbox 578 1079 920 1146; x_wconf 87' lang='lat' dir='ltr'><strong>Praeterea</strong></span> <span class='ocrx_word' id='word_1_41' title='bbox 960 1084 1178 1144; x_wconf 88' lang='lat' dir='ltr'><strong>auctor</strong></span> <span class='ocrx_word' id='word_1_42' title='bbox 1218 1077 1392 1143; x_wconf 89' lang='lat' dir='ltr'><strong>vitae</strong></span> <span class='ocrx_word' id='word_1_43' title='bbox 1432 1076 1766 1161; x_wconf 90' lang='lat' dir='ltr'><strong>Aeschyli,</strong></span> <span class='ocrx_word' id='word_1_44' title='bbox 1827 1084 1891 1143; x_wconf 90' lang='lat' dir='ltr'><strong>et</strong></span> <span class='ocrx_word' id='word_1_45' title='bbox 1931 1098 2073 1143; x_wconf 88' lang='lat' dir='ltr'><strong>cum</strong></span> <span class='ocrx_word' id='word_1_46' title='bbox 2118 1083 2201 1144; x_wconf 86' lang='lat' dir='ltr'><strong>eo&#39;</strong></span> <span class='ocrx_word' id='word_1_47' title='bbox 2238 1078 2483 1144; x_wconf 88' lang='lat' dir='ltr'><strong>Plinius</strong></span> <span class='ocrx_word' id='word_1_48' title='bbox 2537 1099 2735 1163; x_wconf 90' lang='lat' dir='ltr'><strong>quan·</strong></span> 
     </span>
     <span class='ocr_line' id='line_1_8' title="bbox 410 1179 2733 1264; baseline 0.001 -19"><span class='ocrx_word' id='word_1_49' title='bbox 410 1201 601 1264; x_wconf 89' lang='lat' dir='ltr'><strong>quam</strong></span> <span class='ocrx_word' id='word_1_50' title='bbox 645 1180 750 1246; x_wconf 86' lang='lat' dir='ltr'><strong>hic</strong></span> <span class='ocrx_word' id='word_1_51' title='bbox 790 1181 1009 1264; x_wconf 88' lang='lat' dir='ltr'><strong>paullo</strong></span> <span class='ocrx_word' id='word_1_52' title='bbox 1037 1179 1242 1260; x_wconf 91' lang='lat' dir='ltr'><strong>aliter,</strong></span> <span class='ocrx_word' id='word_1_53' title='bbox 1287 1198 1422 1246; x_wconf 91' lang='lat' dir='ltr'><strong>rem</strong></span> <span class='ocrx_word' id='word_1_54' title='bbox 1464 1186 1682 1245; x_wconf 85' lang='lat' dir='ltr'><strong>narrat</strong></span> <span class='ocrx_word' id='word_1_55' title='bbox 1723 1179 2100 1260; x_wconf 89' lang='lat' dir='ltr'><strong>mirabilem,</strong></span> <span class='ocrx_word' id='word_1_56' title='bbox 2146 1180 2471 1245; x_wconf 87' lang='lat' dir='ltr'><strong>oraculum</strong></span> <span class='ocrx_word' id='word_1_57' title='bbox 2513 1180 2733 1248; x_wconf 89' lang='lat' dir='ltr'><strong>datum</strong></span> 
     </span>
     <span class='ocr_line' id='line_1_9' title="bbox 409 1273 2735 1368; baseline 0.001 -21"><span class='ocrx_word' id='word_1_58' title='bbox 409 1282 605 1368; x_wconf 73' lang='lat' dir='ltr'><strong>fujsse</strong></span> <span class='ocrx_word' id='word_1_59' title='bbox 647 1288 876 1365; x_wconf 85' lang='lat' dir='ltr'><strong>poetae</strong></span> <span class='ocrx_word' id='word_1_60' title='bbox 917 1280 1163 1347; x_wconf 84' lang='lat' dir='ltr'><strong>viventi</strong></span> <span class='ocrx_word' id='word_1_61' title='bbox 1202 1281 1353 1347; x_wconf 83' lang='lat' dir='ltr'><strong>hoc:</strong></span> <span class='ocrx_word' id='word_1_62' title='bbox 1399 1273 1705 1363; x_wconf 77' lang='grc' dir='ltr'><em>οὐράνιόν</em></span> <span class='ocrx_word' id='word_1_63' title='bbox 1751 1302 1827 1345; x_wconf 75' lang='grc' dir='ltr'><strong>σε</strong></span> <span class='ocrx_word' id='word_1_64' title='bbox 1866 1281 2061 1363; x_wconf 78' lang='grc' dir='ltr'><em>βέλος</em></span> <span class='ocrx_word' id='word_1_65' title='bbox 2104 1291 2504 1360; x_wconf 82' lang='grc' dir='ltr'><strong><em>κατακτανεῒ,</em></strong></span> <span class='ocrx_word' id='word_1_66' title='bbox 2562 1282 2735 1366; x_wconf 82' lang='lat' dir='ltr'><strong>quod</strong></span> 
     </span>
     <span class='ocr_line' id='line_1_10' title="bbox 408 1380 2738 1470; baseline 0.001 -22"><span class='ocrx_word' id='word_1_67' title='bbox 408 1384 740 1449; x_wconf 86' lang='lat' dir='ltr'><strong>inventum</strong></span> <span class='ocrx_word' id='word_1_68' title='bbox 782 1402 924 1449; x_wconf 89' lang='lat' dir='ltr'><strong>esse</strong></span> <span class='ocrx_word' id='word_1_69' title='bbox 980 1382 1144 1447; x_wconf 84' lang='lat' dir='ltr'><strong>dixit</strong></span> <span class='ocrx_word' id='word_1_70' title='bbox 1182 1380 1561 1448; x_wconf 87' lang='lat' dir='ltr'><strong>Welckerus</strong></span> <span class='ocrx_word' id='word_1_71' title='bbox 1618 1381 1683 1461; x_wconf 93' lang='lat' dir='ltr'><strong>(l.</strong></span> <span class='ocrx_word' id='word_1_72' title='bbox 1727 1382 1774 1446; x_wconf 95' lang='lat' dir='ltr'><strong>l.</strong></span> <span class='ocrx_word' id='word_1_73' title='bbox 1818 1391 1881 1466; x_wconf 82' lang='lat' dir='ltr'><strong>p&#39;.</strong></span> <span class='ocrx_word' id='word_1_74' title='bbox 1928 1384 2097 1459; x_wconf 89' lang='lat'><strong>341.)</strong></span> <span class='ocrx_word' id='word_1_75' title='bbox 2140 1383 2225 1449; x_wconf 89' lang='lat' dir='ltr'><strong>ab</strong></span> <span class='ocrx_word' id='word_1_76' title='bbox 2267 1383 2374 1467; x_wconf 91' lang='lat' dir='ltr'><strong>iis,</strong></span> <span class='ocrx_word' id='word_1_77' title='bbox 2433 1384 2542 1468; x_wconf 89' lang='lat' dir='ltr'><strong>qui</strong></span> <span class='ocrx_word' id='word_1_78' title='bbox 2594 1405 2738 1470; x_wconf 86' lang='lat' dir='ltr'><strong>pro·</strong></span> 
     </span>
     <span class='ocr_line' id='line_1_11' title="bbox 411 1482 2736 1568; baseline 0 -17"><span class='ocrx_word' id='word_1_79' title='bbox 411 1485 812 1551; x_wconf 81' lang='lat' dir='ltr'><strong>habilitatem</strong></span> <span class='ocrx_word' id='word_1_80' title='bbox 853 1484 1074 1551; x_wconf 88' lang='lat' dir='ltr'><strong>mortis</strong></span> <span class='ocrx_word' id='word_1_81' title='bbox 1114 1482 1421 1568; x_wconf 76' lang='lat' dir='ltr'><strong>Aeschyli</strong></span> <span class='ocrx_word' id='word_1_82' title='bbox 1462 1483 1819 1549; x_wconf 89' lang='lat' dir='ltr'><strong>voluissent</strong></span> <span class='ocrx_word' id='word_1_83' title='bbox 1857 1483 2201 1568; x_wconf 83' lang='lat' dir='ltr'><strong>adaugere.</strong></span> <span class='ocrx_word' id='word_1_84' title='bbox 2271 1484 2428 1551; x_wconf 90' lang='lat' dir='ltr'><strong>Mihi</strong></span> <span class='ocrx_word' id='word_1_85' title='bbox 2471 1505 2601 1551; x_wconf 92' lang='lat' dir='ltr'><strong>non</strong></span> <span class='ocrx_word' id='word_1_86' title='bbox 2644 1488 2736 1553; x_wconf 91' lang='lat' dir='ltr'><strong>ita</strong></span> 
     </span>
     <span class='ocr_line' id='line_1_12' title="bbox 412 1584 2736 1670; baseline 0 -18"><span class='ocrx_word' id='word_1_87' title='bbox 412 1585 685 1653; x_wconf 88' lang='lat' dir='ltr'><strong>videtur.</strong></span> <span class='ocrx_word' id='word_1_88' title='bbox 756 1585 929 1651; x_wconf 91' lang='lat' dir='ltr'><strong>Illud</strong></span> <span class='ocrx_word' id='word_1_89' title='bbox 971 1585 1140 1652; x_wconf 91' lang='lat' dir='ltr'><strong>enim</strong></span> <span class='ocrx_word' id='word_1_90' title='bbox 1184 1585 1527 1667; x_wconf 88' lang='lat' dir='ltr'><strong>oraculum,</strong></span> <span class='ocrx_word' id='word_1_91' title='bbox 1573 1585 1743 1668; x_wconf 90' lang='lat' dir='ltr'><strong>quod</strong></span> <span class='ocrx_word' id='word_1_92' title='bbox 1787 1584 2017 1651; x_wconf 90' lang='lat' dir='ltr'><strong>dicitur</strong></span> <span class='ocrx_word' id='word_1_93' title='bbox 2054 1585 2297 1653; x_wconf 87' lang='lat' dir='ltr'><strong>auctori</strong></span> <span class='ocrx_word' id='word_1_94' title='bbox 2338 1587 2528 1670; x_wconf 90' lang='lat' dir='ltr'><strong>vitae,</strong></span> <span class='ocrx_word' id='word_1_95' title='bbox 2574 1587 2736 1653; x_wconf 90' lang='lat' dir='ltr'><strong>nihil</strong></span> 
     </span>
     <span class='ocr_line' id='line_1_13' title="bbox 410 1686 2737 1771; baseline -0.001 -17"><span class='ocrx_word' id='word_1_96' title='bbox 410 1689 480 1756; x_wconf 92' lang='lat' dir='ltr'><strong>in</strong></span> <span class='ocrx_word' id='word_1_97' title='bbox 523 1708 595 1756; x_wconf 90' lang='lat' dir='ltr'><strong>se</strong></span> <span class='ocrx_word' id='word_1_98' title='bbox 636 1687 917 1754; x_wconf 90' lang='lat' dir='ltr'><strong>continet</strong></span> <span class='ocrx_word' id='word_1_99' title='bbox 967 1686 1093 1753; x_wconf 92' lang='lat' dir='ltr'><strong>nisi</strong></span> <span class='ocrx_word' id='word_1_100' title='bbox 1134 1686 1441 1771; x_wconf 87' lang='lat' dir='ltr'><strong>Aeschyli</strong></span> <span class='ocrx_word' id='word_1_101' title='bbox 1499 1686 1823 1770; x_wconf 90' lang='lat' dir='ltr'><strong>quandam</strong></span> <span class='ocrx_word' id='word_1_102' title='bbox 1865 1686 2369 1770; x_wconf 83' lang='lat' dir='ltr'><strong>cavillationem,</strong></span> <span class='ocrx_word' id='word_1_103' title='bbox 2427 1688 2737 1771; x_wconf 88' lang='lat' dir='ltr'><strong>epigram-</strong></span> 
     </span>
     <span class='ocr_line' id='line_1_14' title="bbox 411 1788 2738 1873; baseline -0 -16"><span class='ocrx_word' id='word_1_104' title='bbox 411 1797 604 1873; x_wconf 86' lang='lat' dir='ltr'><strong>mate,</strong></span> <span class='ocrx_word' id='word_1_105' title='bbox 649 1789 719 1855; x_wconf 90' lang='lat' dir='ltr'><strong>ni</strong></span> <span class='ocrx_word' id='word_1_106' title='bbox 759 1789 967 1870; x_wconf 88' lang='lat' dir='ltr'><strong>fallor,</strong></span> <span class='ocrx_word' id='word_1_107' title='bbox 1013 1807 1382 1872; x_wconf 85' lang='lat' dir='ltr'><strong>expressam</strong></span> <span class='ocrx_word' id='word_1_108' title='bbox 1424 1794 1570 1872; x_wconf 90' lang='lat' dir='ltr'><strong>post</strong></span> <span class='ocrx_word' id='word_1_109' title='bbox 1622 1788 1907 1855; x_wconf 88' lang='lat' dir='ltr'><strong>auditam</strong></span> <span class='ocrx_word' id='word_1_110' title='bbox 1951 1789 2086 1856; x_wconf 90' lang='lat' dir='ltr'><strong>eius</strong></span> <span class='ocrx_word' id='word_1_111' title='bbox 2128 1788 2444 1871; x_wconf 90' lang='lat' dir='ltr'><strong>fabulam,</strong></span> <span class='ocrx_word' id='word_1_112' title='bbox 2499 1789 2570 1855; x_wconf 92' lang='lat' dir='ltr'><strong>in</strong></span> <span class='ocrx_word' id='word_1_113' title='bbox 2612 1809 2738 1872; x_wconf 89' lang='lat' dir='ltr'><strong>qua</strong></span> 
     </span>
     <span class='ocr_line' id='line_1_15' title="bbox 413 1883 2737 1975; baseline -0.001 -17"><span class='ocrx_word' id='word_1_114' title='bbox 413 1912 546 1958; x_wconf 92' lang='lat' dir='ltr'><strong>non</strong></span> <span class='ocrx_word' id='word_1_115' title='bbox 599 1910 757 1959; x_wconf 88' lang='lat' dir='ltr'><strong>sane</strong></span> <span class='ocrx_word' id='word_1_116' title='bbox 829 1890 1094 1975; x_wconf 88' lang='lat' dir='ltr'><strong>pulchre</strong></span> <span class='ocrx_word' id='word_1_117' title='bbox 1148 1891 1311 1974; x_wconf 92' lang='lat' dir='ltr'><strong>(ipse</strong></span> <span class='ocrx_word' id='word_1_118' title='bbox 1361 1889 1732 1956; x_wconf 85' lang='lat' dir='ltr'><strong>Athenaeus</strong></span> <span class='ocrx_word' id='word_1_119' title='bbox 1788 1888 1941 1956; x_wconf 86' lang='lat' dir='ltr'><strong>dicit</strong></span> <span class='ocrx_word' id='word_1_120' title='bbox 1995 1883 2316 1972; x_wconf 80' lang='grc' dir='ltr'><strong><em>ἀπρεπῶς</em></strong></span> <span class='ocrx_word' id='word_1_121' title='bbox 2369 1889 2437 1955; x_wconf 92' lang='lat' dir='ltr'><strong>id</strong></span> <span class='ocrx_word' id='word_1_122' title='bbox 2500 1890 2737 1956; x_wconf 87' lang='lat' dir='ltr'><strong>factum</strong></span> 
     </span>
     <span class='ocr_line' id='line_1_16' title="bbox 416 1990 2738 2070; baseline -0.001 -9"><span class='ocrx_word' id='word_1_123' title='bbox 416 1996 581 2070; x_wconf 90' lang='lat' dir='ltr'><strong>esse)</strong></span> <span class='ocrx_word' id='word_1_124' title='bbox 639 1993 919 2058; x_wconf 79' lang='lat' dir='ltr'><strong>Graecos</strong></span> <span class='ocrx_word' id='word_1_125' title='bbox 962 1991 1171 2057; x_wconf 91' lang='lat' dir='ltr'><strong>ebrios</strong></span> <span class='ocrx_word' id='word_1_126' title='bbox 1224 1990 1553 2058; x_wconf 88' lang='lat' dir='ltr'><strong>induxisse</strong></span> <span class='ocrx_word' id='word_1_127' title='bbox 1606 1991 1675 2056; x_wconf 91' lang='lat' dir='ltr'><strong>in</strong></span> <span class='ocrx_word' id='word_1_128' title='bbox 1730 2011 1989 2057; x_wconf 88' lang='lat' dir='ltr'><strong>scenam</strong></span> <span class='ocrx_word' id='word_1_129' title='bbox 2031 1991 2303 2059; x_wconf 86' lang='lat' dir='ltr'><strong>traditur</strong></span> <span class='ocrx_word' id='word_1_130' title='bbox 2356 1992 2615 2059; x_wconf 90' lang='lat' dir='ltr'><strong>matulis</strong></span> <span class='ocrx_word' id='word_1_131' title='bbox 2667 2011 2738 2059; x_wconf 91' lang='lat' dir='ltr'><strong>se</strong></span> 
     </span>
     <span class='ocr_line' id='line_1_17' title="bbox 414 2092 2376 2180; baseline -0.001 -19"><span class='ocrx_word' id='word_1_132' title='bbox 414 2101 727 2180; x_wconf 89' lang='lat' dir='ltr'><strong>petentes.</strong></span> <span class='ocrx_word' id='word_1_133' title='bbox 813 2093 920 2160; x_wconf 85' lang='lat' dir='ltr'><strong>Sic</strong></span> <span class='ocrx_word' id='word_1_134' title='bbox 964 2093 1132 2159; x_wconf 91' lang='lat' dir='ltr'><strong>enim</strong></span> <span class='ocrx_word' id='word_1_135' title='bbox 1174 2093 1288 2160; x_wconf 91' lang='lat' dir='ltr'><strong>ille</strong></span> <span class='ocrx_word' id='word_1_136' title='bbox 1329 2092 1505 2177; x_wconf 90' lang='lat' dir='ltr'><strong>apud</strong></span> <span class='ocrx_word' id='word_1_137' title='bbox 1547 2092 1950 2159; x_wconf 85' lang='lat' dir='ltr'><strong>Athenaeum</strong></span> <span class='ocrx_word' id='word_1_138' title='bbox 1995 2093 2046 2159; x_wconf 96' lang='lat' dir='ltr'><strong>I.</strong></span> <span class='ocrx_word' id='word_1_139' title='bbox 2089 2114 2154 2178; x_wconf 89' lang='lat' dir='ltr'><strong>p.</strong></span> <span class='ocrx_word' id='word_1_140' title='bbox 2202 2100 2278 2160; x_wconf 89' lang='lat'><strong>17</strong></span> <span class='ocrx_word' id='word_1_141' title='bbox 2309 2115 2376 2160; x_wconf 86' lang='lat' dir='ltr'><strong>c:</strong></span> 
     </span>
    </p>

    <p class='ocr_par' dir='ltr' id='par_1_4' title="bbox 400 2187 2738 2382">
     <span class='ocr_line' id='line_1_18' title="bbox 582 2187 2738 2278; baseline -0.001 -18"><span class='ocrx_word' id='word_1_142' title='bbox 582 2192 922 2277; x_wconf 82' lang='grc' dir='ltr'><strong><em>Αἰσχύλος</em></strong></span> <span class='ocrx_word' id='word_1_143' title='bbox 982 2197 1136 2278; x_wconf 76' lang='grc' dir='ltr'><em>γοῦν</em></span> <span class='ocrx_word' id='word_1_144' title='bbox 1207 2187 1527 2278; x_wconf 79' lang='grc' dir='ltr'><em>ἀπρεπῶς</em></span> <span class='ocrx_word' id='word_1_145' title='bbox 1600 2215 1733 2259; x_wconf 90' lang='grc' dir='ltr'><strong>που</strong></span> <span class='ocrx_word' id='word_1_146' title='bbox 1791 2191 2079 2278; x_wconf 80' lang='grc' dir='ltr'><em>παράγει</em></span> <span class='ocrx_word' id='word_1_147' title='bbox 2147 2193 2517 2276; x_wconf 73' lang='grc' dir='ltr'><em>μεθύοντας</em></span> <span class='ocrx_word' id='word_1_148' title='bbox 2583 2193 2738 2271; x_wconf 74' lang='grc' dir='ltr'><strong>τούς</strong></span> 
     </span>
     <span class='ocr_line' id='line_1_19' title="bbox 400 2289 2735 2382; baseline -0.001 -20"><span class='ocrx_word' id='word_1_149' title='bbox 400 2293 720 2382; x_wconf 50' lang='grc' dir='ltr'><strong>(Έλληνας</strong></span> <span class='ocrx_word' id='word_1_150' title='bbox 749 2291 839 2375; x_wconf 79' lang='grc' dir='ltr'><strong>ὥς</strong></span> <span class='ocrx_word' id='word_1_151' title='bbox 866 2298 974 2361; x_wconf 83' lang='grc' dir='ltr'><strong>καὶ</strong></span> <span class='ocrx_word' id='word_1_152' title='bbox 1002 2292 1119 2380; x_wconf 71' lang='grc' dir='ltr'><strong>τῆς</strong></span> <span class='ocrx_word' id='word_1_153' title='bbox 1150 2290 1390 2378; x_wconf 76' lang='grc' dir='ltr'><strong><em>ἀμίδας</em></strong></span> <span class='ocrx_word' id='word_1_154' title='bbox 1421 2289 1729 2380; x_wconf 76' lang='grc' dir='ltr'><em>ἀλλήλοις</em></span> <span class='ocrx_word' id='word_1_155' title='bbox 1770 2293 2334 2381; x_wconf 77' lang='grc' dir='ltr'><strong><em>περικαταγνύναι.</em></strong></span> <span class='ocrx_word' id='word_1_156' title='bbox 2384 2296 2553 2380; x_wconf 80' lang='grc' dir='ltr'><em>λέγει</em></span> <span class='ocrx_word' id='word_1_157' title='bbox 2582 2297 2735 2378; x_wconf 79' lang='grc' dir='ltr'><em>γοῦν</em></span> 
     </span>
    </p>

    <p class='ocr_par' dir='ltr' id='par_1_5' title="bbox 861 2425 2293 2685">
     <span class='ocr_line' id='line_1_20' title="bbox 861 2425 2293 2511; baseline 0 -18"><span class='ocrx_word' id='word_1_158' title='bbox 861 2468 948 2480; x_wconf 90' lang='lat'><strong>—-</strong></span> <span class='ocrx_word' id='word_1_159' title='bbox 990 2425 1299 2502; x_wconf 53' lang='lat'><strong>315&#39;2‘01121</strong></span> <span class='ocrx_word' id='word_1_160' title='bbox 1340 2425 1408 2503; x_wconf 81' lang='grc' dir='ltr'><strong>ὅς</strong></span> <span class='ocrx_word' id='word_1_161' title='bbox 1448 2427 1592 2502; x_wconf 66' lang='grc' dir='ltr'><strong>ποτ’</strong></span> <span class='ocrx_word' id='word_1_162' title='bbox 1639 2425 1810 2511; x_wconf 75' lang='grc' dir='ltr'><strong>ἀμφ’</strong></span> <span class='ocrx_word' id='word_1_163' title='bbox 1855 2430 1987 2510; x_wconf 71' lang='grc' dir='ltr'><strong>ἐμοὶ</strong></span> <span class='ocrx_word' id='word_1_164' title='bbox 2031 2427 2293 2509; x_wconf 75' lang='grc' dir='ltr'><em>βέλος,</em></span> 
     </span>
     <span class='ocr_line' id='line_1_21' title="bbox 863 2511 2199 2620; baseline -0.001 -42"><span class='ocrx_word' id='word_1_165' title='bbox 863 2512 1283 2620; x_wconf 55' lang='grc' dir='ltr'><strong>γελωτοποιόν,</strong></span> <span class='ocrx_word' id='word_1_166' title='bbox 1325 2514 1437 2594; x_wconf 78' lang='grc' dir='ltr'><strong>τὴν</strong></span> <span class='ocrx_word' id='word_1_167' title='bbox 1478 2511 1790 2595; x_wconf 76' lang='grc' dir='ltr'><em>κάκοσμον</em></span> <span class='ocrx_word' id='word_1_168' title='bbox 1831 2511 2120 2598; x_wconf 75' lang='grc' dir='ltr'><em>οὕράνη</em></span> <span class='ocrx_word' id='word_1_169' title='bbox 2137 2541 2199 2592; x_wconf 89' lang='grc' dir='ltr'><strong>ν,</strong></span> 
     </span>
     <span class='ocr_line' id='line_1_22' title="bbox 862 2595 1896 2685; baseline -0.002 -20"><span class='ocrx_word' id='word_1_170' title='bbox 862 2601 1114 2685; x_wconf 72' lang='grc' dir='ltr'><em>ἔρριψεν</em></span> <span class='ocrx_word' id='word_1_171' title='bbox 1153 2596 1296 2664; x_wconf 75' lang='grc' dir='ltr'><strong>οὐδ’</strong></span> <span class='ocrx_word' id='word_1_172' title='bbox 1340 2595 1612 2685; x_wconf 77' lang='grc' dir='ltr'><strong>ἥμαρτεν</strong></span> <span class='ocrx_word' id='word_1_173' title='bbox 1652 2626 1706 2665; x_wconf 90' lang='grc' dir='ltr'><strong>κ.</strong></span> <span class='ocrx_word' id='word_1_174' title='bbox 1748 2625 1805 2664; x_wconf 85' lang='grc' dir='ltr'><strong>τ.</strong></span> <span class='ocrx_word' id='word_1_175' title='bbox 1848 2595 1896 2664; x_wconf 73' lang='grc' dir='ltr'><strong>ἓ.</strong></span> 
     </span>
    </p>
   </div>
   <div class='ocr_carea' id='block_1_3' title="bbox 417 2730 2741 3649">
    <p class='ocr_par' dir='ltr' id='par_1_6' title="bbox 417 2730 2741 3431">
     <span class='ocr_line' id='line_1_23' title="bbox 418 2730 2739 2821; baseline 0 -18"><span class='ocrx_word' id='word_1_176' title='bbox 418 2737 605 2818; x_wconf 92' lang='lat' dir='ltr'><strong>Quod</strong></span> <span class='ocrx_word' id='word_1_177' title='bbox 657 2737 1077 2820; x_wconf 82' lang='lat' dir='ltr'><strong>fragmentum</strong></span> <span class='ocrx_word' id='word_1_178' title='bbox 1133 2737 1219 2803; x_wconf 89' lang='lat' dir='ltr'><strong>ad</strong></span> <span class='ocrx_word' id='word_1_179' title='bbox 1270 2730 1695 2820; x_wconf 80' lang='grc' dir='ltr'><em>Ὀστολόγους</em></span> <span class='ocrx_word' id='word_1_180' title='bbox 1748 2737 2054 2821; x_wconf 90' lang='lat' dir='ltr'><strong>Aeschyli</strong></span> <span class='ocrx_word' id='word_1_181' title='bbox 2106 2736 2323 2803; x_wconf 89' lang='lat' dir='ltr'><strong>retulit</strong></span> <span class='ocrx_word' id='word_1_182' title='bbox 2363 2736 2739 2803; x_wconf 87' lang='lat' dir='ltr'><strong>Welckerus</strong></span> 
     </span>
     <span class='ocr_line' id='line_1_24' title="bbox 421 2837 2739 2923; baseline 0 -19"><span class='ocrx_word' id='word_1_183' title='bbox 421 2841 544 2919; x_wconf 93' lang='lat' dir='ltr'><strong>(De</strong></span> <span class='ocrx_word' id='word_1_184' title='bbox 612 2838 820 2905; x_wconf 92' lang='lat' dir='ltr'><strong>Prom.</strong></span> <span class='ocrx_word' id='word_1_185' title='bbox 891 2840 1015 2905; x_wconf 88' lang='lat' dir='ltr'><strong>tril.</strong></span> <span class='ocrx_word' id='word_1_186' title='bbox 1072 2861 1135 2923; x_wconf 91' lang='lat' dir='ltr'><strong>p.</strong></span> <span class='ocrx_word' id='word_1_187' title='bbox 1194 2844 1317 2905; x_wconf 84' lang='lat'><strong>453</strong></span> <span class='ocrx_word' id='word_1_188' title='bbox 1374 2841 1514 2923; x_wconf 89' lang='lat' dir='ltr'><strong>sq.),</strong></span> <span class='ocrx_word' id='word_1_189' title='bbox 1588 2858 1775 2923; x_wconf 91' lang='lat' dir='ltr'><strong>quem</strong></span> <span class='ocrx_word' id='word_1_190' title='bbox 1846 2844 2095 2904; x_wconf 90' lang='lat' dir='ltr'><strong>secutus</strong></span> <span class='ocrx_word' id='word_1_191' title='bbox 2166 2845 2265 2904; x_wconf 89' lang='lat' dir='ltr'><strong>est</strong></span> <span class='ocrx_word' id='word_1_192' title='bbox 2335 2837 2739 2904; x_wconf 90' lang='lat' dir='ltr'><strong>Hermannus</strong></span> 
     </span>
     <span class='ocr_line' id='line_1_25' title="bbox 417 2938 2740 3024; baseline -0 -18"><span class='ocrx_word' id='word_1_193' title='bbox 417 2940 640 3024; x_wconf 86' lang='lat' dir='ltr'><strong>fragm.</strong></span> <span class='ocrx_word' id='word_1_194' title='bbox 704 2945 842 3007; x_wconf 81' lang='lat'><strong>190.</strong></span> <span class='ocrx_word' id='word_1_195' title='bbox 929 2942 1058 3007; x_wconf 90' lang='lat' dir='ltr'><strong>Res</strong></span> <span class='ocrx_word' id='word_1_196' title='bbox 1108 2941 1447 3007; x_wconf 90' lang='lat' dir='ltr'><strong>invenusta</strong></span> <span class='ocrx_word' id='word_1_197' title='bbox 1499 2940 1569 3005; x_wconf 91' lang='lat' dir='ltr'><strong>in</strong></span> <span class='ocrx_word' id='word_1_198' title='bbox 1610 2939 1943 3023; x_wconf 84' lang='lat' dir='ltr'><strong>tragoedia</strong></span> <span class='ocrx_word' id='word_1_199' title='bbox 1995 2938 2387 3005; x_wconf 87' lang='lat' dir='ltr'><strong>stomachum</strong></span> <span class='ocrx_word' id='word_1_200' title='bbox 2444 2940 2740 3006; x_wconf 89' lang='lat' dir='ltr'><strong>sollicita-</strong></span> 
     </span>
     <span class='ocr_line' id='line_1_26' title="bbox 420 3039 2741 3125; baseline -0.001 -18"><span class='ocrx_word' id='word_1_201' title='bbox 420 3043 591 3108; x_wconf 91' lang='lat' dir='ltr'><strong>visse</strong></span> <span class='ocrx_word' id='word_1_202' title='bbox 644 3042 895 3109; x_wconf 90' lang='lat' dir='ltr'><strong>videtur</strong></span> <span class='ocrx_word' id='word_1_203' title='bbox 948 3042 1450 3109; x_wconf 89' lang='lat' dir='ltr'><strong>Atheniensium.</strong></span> <span class='ocrx_word' id='word_1_204' title='bbox 1537 3041 1706 3120; x_wconf 83' lang='lat' dir='ltr'><strong>Quid</strong></span> <span class='ocrx_word' id='word_1_205' title='bbox 1749 3041 1920 3107; x_wconf 89' lang='lat' dir='ltr'><strong>enim</strong></span> <span class='ocrx_word' id='word_1_206' title='bbox 1972 3041 2150 3106; x_wconf 85' lang='lat' dir='ltr'><strong>aliud</strong></span> <span class='ocrx_word' id='word_1_207' title='bbox 2205 3059 2575 3125; x_wconf 87' lang='lat' dir='ltr'><strong>permovere</strong></span> <span class='ocrx_word' id='word_1_208' title='bbox 2629 3039 2741 3106; x_wconf 85' lang='lat' dir='ltr'><strong>So-</strong></span> 
     </span>
     <span class='ocr_line' id='line_1_27' title="bbox 419 3143 2739 3228; baseline -0.001 -19"><span class='ocrx_word' id='word_1_209' title='bbox 419 3145 715 3228; x_wconf 92' lang='lat' dir='ltr'><strong>phoclem</strong></span> <span class='ocrx_word' id='word_1_210' title='bbox 768 3143 1003 3228; x_wconf 91' lang='lat' dir='ltr'><strong>potuit,</strong></span> <span class='ocrx_word' id='word_1_211' title='bbox 1058 3145 1203 3228; x_wconf 89' lang='lat' dir='ltr'><strong>ipsa</strong></span> <span class='ocrx_word' id='word_1_212' title='bbox 1261 3145 1423 3210; x_wconf 87' lang='lat' dir='ltr'><strong>haec</strong></span> <span class='ocrx_word' id='word_1_213' title='bbox 1475 3143 1675 3209; x_wconf 88' lang='lat' dir='ltr'><strong>verba</strong></span> <span class='ocrx_word' id='word_1_214' title='bbox 1726 3143 2034 3227; x_wconf 87' lang='lat' dir='ltr'><strong>Aeschyli</strong></span> <span class='ocrx_word' id='word_1_215' title='bbox 2075 3147 2503 3226; x_wconf 89' lang='lat' dir='ltr'><strong>usurpantem,</strong></span> <span class='ocrx_word' id='word_1_216' title='bbox 2550 3161 2739 3224; x_wconf 89' lang='lat' dir='ltr'><strong>quam</strong></span> 
     </span>
     <span class='ocr_line' id='line_1_28' title="bbox 418 3243 2741 3330; baseline -0 -20"><span class='ocrx_word' id='word_1_217' title='bbox 418 3253 490 3312; x_wconf 89' lang='lat' dir='ltr'><strong>ut</strong></span> <span class='ocrx_word' id='word_1_218' title='bbox 528 3245 934 3311; x_wconf 76' lang='lat' dir='ltr'><strong>traduceret?</strong></span> <span class='ocrx_word' id='word_1_219' title='bbox 975 3246 1078 3311; x_wconf 92' lang='lat' dir='ltr'><strong>Ita</strong></span> <span class='ocrx_word' id='word_1_220' title='bbox 1105 3245 1274 3312; x_wconf 89' lang='lat' dir='ltr'><strong>enim</strong></span> <span class='ocrx_word' id='word_1_221' title='bbox 1313 3245 1383 3310; x_wconf 90' lang='lat' dir='ltr'><strong>in</strong></span> <span class='ocrx_word' id='word_1_222' title='bbox 1428 3244 1736 3329; x_wconf 89' lang='lat' dir='ltr'><strong>dramate,</strong></span> <span class='ocrx_word' id='word_1_223' title='bbox 1781 3252 1852 3311; x_wconf 93' lang='lat' dir='ltr'><strong>ut</strong></span> <span class='ocrx_word' id='word_1_224' title='bbox 1879 3244 2133 3310; x_wconf 89' lang='lat' dir='ltr'><strong>videtur</strong></span> <span class='ocrx_word' id='word_1_225' title='bbox 2160 3244 2456 3330; x_wconf 89' lang='lat' dir='ltr'><strong>satyrico,</strong></span> <span class='ocrx_word' id='word_1_226' title='bbox 2502 3243 2741 3309; x_wconf 84' lang='lat' dir='ltr'><strong>dixisse</strong></span> 
     </span>
     <span class='ocr_line' id='line_1_29' title="bbox 421 3346 1242 3431; baseline -0.001 -17"><span class='ocrx_word' id='word_1_227' title='bbox 421 3347 802 3431; x_wconf 87' lang='lat' dir='ltr'><strong>Sophoclem</strong></span> <span class='ocrx_word' id='word_1_228' title='bbox 844 3346 1242 3431; x_wconf 80' lang='lat' dir='ltr'><strong>perhibetur:</strong></span> 
     </span>
    </p>

    <p class='ocr_par' dir='ltr' id='par_1_7' title="bbox 794 3476 2364 3567">
     <span class='ocr_line' id='line_1_30' title="bbox 794 3476 2364 3567; baseline -0.003 -26"><span class='ocrx_word' id='word_1_229' title='bbox 794 3477 925 3542; x_wconf 69' lang='grc' dir='ltr'><strong>ἀλλ’</strong></span> <span class='ocrx_word' id='word_1_230' title='bbox 974 3477 1133 3565; x_wconf 78' lang='grc' dir='ltr'><strong>ἀμφὶ</strong></span> <span class='ocrx_word' id='word_1_231' title='bbox 1177 3483 1369 3567; x_wconf 71' lang='grc' dir='ltr'><strong><em>θυμῷ</em></strong></span> <span class='ocrx_word' id='word_1_232' title='bbox 1409 3477 1546 3561; x_wconf 83' lang='grc' dir='ltr'><strong>τὴν</strong></span> <span class='ocrx_word' id='word_1_233' title='bbox 1589 3477 1984 3559; x_wconf 80' lang='grc' dir='ltr'><em>κάκοσμον</em></span> <span class='ocrx_word' id='word_1_234' title='bbox 2027 3476 2364 3561; x_wconf 74' lang='grc' dir='ltr'><em>οὐράνην</em></span> 
     </span>
    </p>

    <p class='ocr_par' dir='ltr' id='par_1_8' title="bbox 797 3560 2004 3649">
     <span class='ocr_line' id='line_1_31' title="bbox 797 3560 2004 3649; baseline -0.002 -20"><span class='ocrx_word' id='word_1_235' title='bbox 797 3564 1120 3649; x_wconf 65' lang='grc' dir='ltr'><em>ἔρριψεν</em></span> <span class='ocrx_word' id='word_1_236' title='bbox 1162 3563 1328 3628; x_wconf 75' lang='grc' dir='ltr'><strong>οὐδ’</strong></span> <span class='ocrx_word' id='word_1_237' title='bbox 1376 3560 1720 3648; x_wconf 78' lang='grc' dir='ltr'><strong>ἥμαρτεν</strong></span> <span class='ocrx_word' id='word_1_238' title='bbox 1762 3588 1815 3625; x_wconf 90' lang='grc' dir='ltr'><strong>κ.</strong></span> <span class='ocrx_word' id='word_1_239' title='bbox 1859 3588 1913 3628; x_wconf 83' lang='grc' dir='ltr'><strong>τ.</strong></span> <span class='ocrx_word' id='word_1_240' title='bbox 1957 3560 2004 3626; x_wconf 75' lang='grc' dir='ltr'><strong>ἕ.</strong></span> 
     </span>
    </p>
   </div>
   <div class='ocr_carea' id='block_1_4' title="bbox 422 3715 2744 4416">
    <p class='ocr_par' dir='ltr' id='par_1_9' title="bbox 422 3715 2744 4416">
     <span class='ocr_line' id='line_1_32' title="bbox 424 3715 2744 3804; baseline -0.002 -19"><span class='ocrx_word' id='word_1_241' title='bbox 424 3719 498 3785; x_wconf 94' lang='lat' dir='ltr'><strong>V.</strong></span> <span class='ocrx_word' id='word_1_242' title='bbox 530 3716 819 3785; x_wconf 86' lang='lat' dir='ltr'><strong>Dindorf.</strong></span> <span class='ocrx_word' id='word_1_243' title='bbox 862 3717 1086 3803; x_wconf 87' lang='lat' dir='ltr'><strong>fragm.</strong></span> <span class='ocrx_word' id='word_1_244' title='bbox 1132 3717 1326 3804; x_wconf 85' lang='lat' dir='ltr'><strong>Soph.</strong></span> <span class='ocrx_word' id='word_1_245' title='bbox 1359 3716 1676 3784; x_wconf 84' lang='lat' dir='ltr'><strong>CXLVII.</strong></span> <span class='ocrx_word' id='word_1_246' title='bbox 1732 3718 1975 3797; x_wconf 83' lang='lat' dir='ltr'><strong>Quibus</strong></span> <span class='ocrx_word' id='word_1_247' title='bbox 2016 3717 2425 3801; x_wconf 88' lang='lat' dir='ltr'><strong>Aeschylum,</strong></span> <span class='ocrx_word' id='word_1_248' title='bbox 2471 3715 2578 3798; x_wconf 88' lang='lat' dir='ltr'><strong>qui</strong></span> <span class='ocrx_word' id='word_1_249' title='bbox 2620 3716 2744 3798; x_wconf 88' lang='lat' dir='ltr'><strong>pri·</strong></span> 
     </span>
     <span class='ocr_line' id='line_1_33' title="bbox 422 3812 2743 3904; baseline -0.003 -16"><span class='ocrx_word' id='word_1_250' title='bbox 422 3842 564 3888; x_wconf 92' lang='lat' dir='ltr'><strong>mus</strong></span> <span class='ocrx_word' id='word_1_251' title='bbox 617 3840 767 3887; x_wconf 90' lang='lat' dir='ltr'><strong>usus</strong></span> <span class='ocrx_word' id='word_1_252' title='bbox 825 3827 923 3887; x_wconf 90' lang='lat' dir='ltr'><strong>est</strong></span> <span class='ocrx_word' id='word_1_253' title='bbox 974 3822 1287 3887; x_wconf 89' lang='lat' dir='ltr'><strong>vocabulo</strong></span> <span class='ocrx_word' id='word_1_254' title='bbox 1347 3812 1624 3904; x_wconf 81' lang='grc' dir='ltr'><em>οὗράνης</em></span> <span class='ocrx_word' id='word_1_255' title='bbox 1696 3824 1780 3898; x_wconf 91' lang='lat' dir='ltr'><strong>(v.</strong></span> <span class='ocrx_word' id='word_1_256' title='bbox 1836 3819 2077 3885; x_wconf 93' lang='lat' dir='ltr'><strong>Polluc.</strong></span> <span class='ocrx_word' id='word_1_257' title='bbox 2136 3818 2220 3901; x_wconf 90' lang='lat' dir='ltr'><strong>X,</strong></span> <span class='ocrx_word' id='word_1_258' title='bbox 2285 3820 2412 3894; x_wconf 87' lang='lat'><strong>44.)</strong></span> <span class='ocrx_word' id='word_1_259' title='bbox 2429 3865 2445 3900; x_wconf 92' lang='lat'><strong>,</strong></span> <span class='ocrx_word' id='word_1_260' title='bbox 2516 3818 2743 3883; x_wconf 90' lang='lat' dir='ltr'><strong>leviter</strong></span> 
     </span>
     <span class='ocr_line' id='line_1_34' title="bbox 424 3918 2740 4008; baseline -0.003 -18"><span class='ocrx_word' id='word_1_261' title='bbox 424 3923 768 4008; x_wconf 87' lang='lat' dir='ltr'><strong>perstringi</strong></span> <span class='ocrx_word' id='word_1_262' title='bbox 809 3922 1049 3989; x_wconf 90' lang='lat' dir='ltr'><strong>nemini</strong></span> <span class='ocrx_word' id='word_1_263' title='bbox 1078 3923 1339 3990; x_wconf 90' lang='lat' dir='ltr'><strong>dubium</strong></span> <span class='ocrx_word' id='word_1_264' title='bbox 1369 3942 1511 3990; x_wconf 88' lang='lat' dir='ltr'><strong>esse</strong></span> <span class='ocrx_word' id='word_1_265' title='bbox 1539 3928 1790 4006; x_wconf 87' lang='lat' dir='ltr'><strong>poterat</strong></span> <span class='ocrx_word' id='word_1_266' title='bbox 1814 3921 2319 3988; x_wconf 87' lang='lat' dir='ltr'><strong>Atheniensium.</strong></span> <span class='ocrx_word' id='word_1_267' title='bbox 2385 3918 2540 3997; x_wconf 89' lang='lat' dir='ltr'><strong>Quis</strong></span> <span class='ocrx_word' id='word_1_268' title='bbox 2570 3919 2740 3985; x_wconf 91' lang='lat' dir='ltr'><strong>enim</strong></span> 
     </span>
     <span class='ocr_line' id='line_1_35' title="bbox 424 4022 2742 4119; baseline -0.003 -28"><span class='ocrx_word' id='word_1_269' title='bbox 424 4032 604 4119; x_wconf 83' lang='lat' dir='ltr'><strong>putet</strong></span> <span class='ocrx_word' id='word_1_270' title='bbox 645 4045 779 4091; x_wconf 90' lang='lat' dir='ltr'><strong>rem</strong></span> <span class='ocrx_word' id='word_1_271' title='bbox 821 4025 1227 4093; x_wconf 87' lang='lat' dir='ltr'><strong>invenustam</strong></span> <span class='ocrx_word' id='word_1_272' title='bbox 1267 4024 1433 4090; x_wconf 89' lang='lat' dir='ltr'><strong>adeo</strong></span> <span class='ocrx_word' id='word_1_273' title='bbox 1488 4024 1807 4107; x_wconf 87' lang='lat' dir='ltr'><strong>placuisse</strong></span> <span class='ocrx_word' id='word_1_274' title='bbox 1847 4023 2178 4107; x_wconf 86' lang='lat' dir='ltr'><strong>Sophocli,</strong></span> <span class='ocrx_word' id='word_1_275' title='bbox 2240 4028 2310 4087; x_wconf 90' lang='lat' dir='ltr'><strong>ut</strong></span> <span class='ocrx_word' id='word_1_276' title='bbox 2350 4022 2549 4088; x_wconf 88' lang='lat' dir='ltr'><strong>verba</strong></span> <span class='ocrx_word' id='word_1_277' title='bbox 2598 4022 2742 4104; x_wconf 90' lang='lat' dir='ltr'><strong>ipsa</strong></span> 
     </span>
     <span class='ocr_line' id='line_1_36' title="bbox 423 4120 2741 4212; baseline -0.003 -18"><span class='ocrx_word' id='word_1_278' title='bbox 423 4128 737 4194; x_wconf 83' lang='lat' dir='ltr'><strong>furaretur</strong></span> <span class='ocrx_word' id='word_1_279' title='bbox 778 4126 1126 4212; x_wconf 74' lang='lat' dir='ltr'><strong>Aeschyli?</strong></span> <span class='ocrx_word' id='word_1_280' title='bbox 1170 4125 1411 4206; x_wconf 84' lang='lat' dir='ltr'><strong>Quodsi</strong></span> <span class='ocrx_word' id='word_1_281' title='bbox 1452 4145 1583 4190; x_wconf 92' lang='lat' dir='ltr'><strong>non</strong></span> <span class='ocrx_word' id='word_1_282' title='bbox 1625 4124 2050 4209; x_wconf 89' lang='lat' dir='ltr'><strong>improbabile</strong></span> <span class='ocrx_word' id='word_1_283' title='bbox 2090 4124 2343 4190; x_wconf 90' lang='lat' dir='ltr'><strong>videtur</strong></span> <span class='ocrx_word' id='word_1_284' title='bbox 2385 4142 2544 4204; x_wconf 90' lang='lat' dir='ltr'><strong>esse,</strong></span> <span class='ocrx_word' id='word_1_285' title='bbox 2589 4120 2741 4205; x_wconf 91' lang='lat' dir='ltr'><strong>quid</strong></span> 
     </span>
     <span class='ocr_line' id='line_1_37' title="bbox 425 4222 2742 4314; baseline -0.003 -17"><span class='ocrx_word' id='word_1_286' title='bbox 425 4236 596 4297; x_wconf 91' lang='lat' dir='ltr'><strong>esset</strong></span> <span class='ocrx_word' id='word_1_287' title='bbox 647 4228 812 4294; x_wconf 90' lang='lat' dir='ltr'><strong>illud</strong></span> <span class='ocrx_word' id='word_1_288' title='bbox 873 4222 1179 4314; x_wconf 75' lang='grc' dir='ltr'><em>οὐράνιον</em></span> <span class='ocrx_word' id='word_1_289' title='bbox 1232 4228 1441 4312; x_wconf 83' lang='grc' dir='ltr'><em>βέλος,</em></span> <span class='ocrx_word' id='word_1_290' title='bbox 1501 4233 1915 4293; x_wconf 89' lang='lat' dir='ltr'><strong>memoratum</strong></span> <span class='ocrx_word' id='word_1_291' title='bbox 1972 4226 2213 4293; x_wconf 90' lang='lat' dir='ltr'><strong>auctori</strong></span> <span class='ocrx_word' id='word_1_292' title='bbox 2269 4223 2742 4309; x_wconf 86' lang='lat' dir='ltr'><strong>epigrammatis</strong></span> 
     </span>
     <span class='ocr_line' id='line_1_38' title="bbox 424 4320 2741 4416; baseline -0.002 -20"><span class='ocrx_word' id='word_1_293' title='bbox 424 4331 493 4396; x_wconf 88' lang='lat' dir='ltr'><strong>in</strong></span> <span class='ocrx_word' id='word_1_294' title='bbox 548 4330 966 4416; x_wconf 89' lang='lat' dir='ltr'><strong>Aeschylum,</strong></span> <span class='ocrx_word' id='word_1_295' title='bbox 1034 4320 1223 4394; x_wconf 83' lang='lat' dir='ltr'><strong>facile</strong></span> <span class='ocrx_word' id='word_1_296' title='bbox 1278 4328 1550 4412; x_wconf 88' lang='lat' dir='ltr'><strong>intelligi</strong></span> <span class='ocrx_word' id='word_1_297' title='bbox 1603 4335 1853 4411; x_wconf 88' lang='lat' dir='ltr'><strong>poterat</strong></span> <span class='ocrx_word' id='word_1_298' title='bbox 1922 4329 2005 4395; x_wconf 88' lang='lat' dir='ltr'><strong>ab</strong></span> <span class='ocrx_word' id='word_1_299' title='bbox 2063 4325 2577 4394; x_wconf 87' lang='lat' dir='ltr'><strong>Atheniensibus.</strong></span> <span class='ocrx_word' id='word_1_300' title='bbox 2675 4325 2741 4391; x_wconf 87' lang='lat' dir='ltr'><strong>Is</strong></span> 
     </span>
    </p>
   </div>
  </div>
 </body>
</html>
