3499 5219
1272 457 1793 520 -31—

363 629 563 704 esset,
612 642 761 687 suos
803 623 1001 687 libros
1045 623 1407 688 volentibus
1449 643 1687 706 magna
1730 643 1875 688 cum
1914 624 2308 690 liberalitate
2350 626 2708 691 commoda-

354 725 483 810 vit3
527 724 762 790 ianuae
805 725 1236 791 bibliothecae
1279 745 1434 793 suae
1476 726 1923 809 inscripserat:

666 846 967 904 Musarum
1010 850 1175 923 patet
1216 844 1365 905 haec
1409 846 1684 906 studiosis
1727 846 1905 907 ianua
1948 847 2194 925 cunctis,

750 931 832 989 At
874 931 1086 1008 procul
1127 930 1267 990 hinc
1310 932 1509 1010 abeas,
1555 931 1796 1011 rustice,
1841 933 2044 992 3131133
2084 933 2191 992 tibi
2235 936 2343 993 est.

357 1048 490 1114 Sed
534 1069 727 1131 quum
771 1067 987 1113 eorum
1028 1048 1336 1113 librorum
1379 1047 1565 1132 copia
1604 1069 1689 1114 ne
1730 1048 2000 1115 modicis
2056 1048 2314 1132 quidem
2372 1049 2706 1117 desideriis

360 1150 706 1233 sufficeret,
782 1169 1036 1215 omnem
1088 1150 1374 1233 lapidem
1426 1150 1626 1215 movit
1667 1156 1738 1215 ut
1778 1151 2087 1217 Iohannis
2130 1151 2438 1218 Friderici
2481 1152 2707 1217 biblio-

357 1253 548 1318 theca
576 1253 899 1335 (Liberei),
944 1272 1108 1334 quae
1136 1252 1482 1335 Viteberga
1509 1252 1861 1317 Vimariam
1903 1259 2267 1319 transvecta
2309 1261 2465 1337 erat,
2507 1254 2707 1320 Ienae

357 1354 620 1419 tandem
694 1354 967 1438 publicis
1038 1354 1259 1420 usibus
1329 1353 1700 1437 aperiretur.
1789 1355 2089 1437 Magnam
2160 1362 2410 1439 partem
2480 1357 2706 1421 horum

358 1457 665 1521 librorum
723 1456 1082 1539 sumptibus
1141 1456 1453 1522 Eleetoris
1510 1456 1587 1521 Gr.
1647 1456 2020 1539 Spalatinus
2075 1463 2314 1523 emerat
2368 1457 2437 1522 in
2492 1456 2703 1540 Italia,

358 1560 703 1642 praecipue
748 1557 1100 1635 Venetiis.¹)
1186 1556 1366 1622 Libri
1408 1557 1806 1624 Electorales
1862 1579 2083 1625 omnes
2126 1559 2433 1625 Iohannis
2488 1560 2707 1625 Fride-
2770 1611 2774 1615 .

357 1660 493 1743 rici,
540 1659 891 1725 conditoris
935 1660 1403 1742 Vniversitatis,
1450 1660 1729 1742 imagine
1775 1681 1815 1724 a
1857 1661 1930 1725 L.
1978 1660 2310 1725 Cranacho
2354 1660 2595 1744 pictore
2637 1663 2706 1726 in

357 1762 535 1845 ligno
578 1761 783 1826 incisa
827 1761 1035 1827 ornati
1089 1768 1265 1844 sunt,
1340 1761 1579 1827 additis
1637 1763 1929 1828 versibus
1972 1762 2286 1844 Stigelii.²)
2374 1764 2474 1828 De
2529 1783 2707 1829 oeco-

358 1864 576 1929 nomia
618 1864 1044 1929 studiosorum
1088 1863 1608 1952 commensalium
1651 1863 1833 1928 initio
1878 1883 2019 1928 cum
2065 1864 2362 1947 Strigelio
2380 1913 2397 1947 ,
2471 1865 2707 1932 deinde

362 1967 557 2032 etiam
601 1986 742 2030 cum
787 1966 861 2030 B.
906 1966 1214 2031 Monnero
1259 1972 1322 2031 et
1366 1965 1762 2047 Schroetero,
1807 1966 1959 2031 item
2004 1966 2259 2048 egregie
2300 1968 2548 2032 meruit.

532 2066 838 2132 Custodia
879 2067 1189 2132 Iohannis
1230 2066 1539 2132 Friderici
1582 2088 1776 2149 quum
1818 2068 2072 2150 longius
2112 2068 2468 2134 traheretur
2516 2089 2707 2151 quam

362 2175 894 2252 exspectaverant
949 2170 1385 2235 Protestantes
1402 2217 1418 2250 ,
1477 2169 1779 2251 Stigelius
1822 2168 1900 2234 A.
1944 2169 2180 2234 MDLI.
2225 2170 2316 2234 VI
2361 2170 2496 2235 Cal.
2542 2171 2707 2238 Nov.

360 2271 695 2354 elegiam³)
771 2272 1023 2355 scripsit
1093 2271 1179 2336 ad
1250 2271 1589 2336 Nicolaum
1661 2269 1915 2335 Nicolai
1988 2270 2330 2354 Grudium,
2418 2273 2706 2356 Belgam,

359 2374 669 2439 Iohannis
700 2372 996 2455 Secundi,
1045 2373 1282 2456 egregii
1326 2380 1575 2455 poetae,
1620 2371 1897 2454 fratrem,
1944 2373 2322 2456 Eobanique
2365 2375 2707 2457 amicum,⁴)

361 2483 619 2559 poetam
663 2482 1103 2557 oratoremque
1149 2480 1212 2539 31
1241 2475 1468 2557 ipsum,
1517 2473 1731 2538 Caroli
1763 2474 1837 2538 V.
1869 2475 2316 2557 consiliarium,
2364 2496 2490 2558 qua
2519 2478 2708 2542 enixe

361 2579 443 2644 ab
504 2598 579 2645 eo
633 2577 823 2662 petit,
898 2582 968 2642 ut
1018 2575 1276 2642 Caesari
1333 2576 1720 2660 persuadeat
1776 2577 2254 2660 Magnanimum
2296 2615 2383 2625 -—
2426 2577 2516 2644 sic
2572 2585 2707 2644 tum

359 2680 601 2765 primus
641 2679 943 2763 Stigelius
986 2680 1344 2744 Electorem
1388 2678 1642 2744 videtur
1684 2680 2073 2763 apellavisse
2100 2717 2187 2728 ——
2216 2700 2296 2745 ex
2339 2681 2708 2765 captivitate

362 2781 702 2847 dimittere.
789 2781 1146 2846 Honestum
1200 2800 1276 2844 33
1331 2778 1480 2845 fidei
1534 2781 1798 2865 plenum
1855 2781 2106 2863 Stigelii
2162 2783 2447 2846 animum
2509 2783 2709 2867 spirat

360 2882 856 2965 habendumque
901 2890 998 2948 est
1045 2882 1114 2947 in
1168 2881 1532 2947 tersissimis
1589 2884 1725 2949 31113
1781 2883 2094 2966 poematis
2149 2904 2511 2966 quanquam
2566 2885 2709 2968 ipse

360 2986 484 3050 hoc
526 2984 930 3050 dissimulare
972 2983 1225 3049 videtur
1265 2991 1485 3049 versu:

753 3104 917 3178 Quae
962 3109 1154 3164 vatem
1196 3108 1443 3181 generat
1485 3123 1649 3163 mens
1694 3109 1802 3183 est,
1852 3105 2039 3164 oratio
2086 3105 2256 3165 cedat

840 3188 1005 3263 Quae
1048 3194 1188 3248 nata
1230 3189 1290 3247 in
1334 3188 1517 3248 labris
1564 3193 1652 3248 est
1694 3190 1820 3249 sine
1865 3194 2058 3249 mente
2103 3209 2298 3250 sonus.

361 3308 661 3373 Proximo
706 3327 879 3371 anno
926 3326 1007 3372 ex
1061 3305 1350 3370 custodia
1402 3304 1663 3370 tandem
1720 3306 2027 3371 liberatur
2068 3308 2392 3372 Iohannes
2434 3307 2708 3374 Frideri-

363 3429 492 3475 cus.
581 3410 804 3474 Mense
844 3408 1038 3490 igitur
1080 3406 1428 3472 Novembri
1474 3427 1596 3488 quo
1642 3406 1727 3471 ad
1772 3428 1920 3473 suos
1962 3408 2154 3473 rediit
2195 3409 2483 3491 Elector,
2527 3431 2707 3475 rosas

363 3530 558 3593 quum
601 3509 850 3575 videret
893 3529 1032 3574 sero
1090 3508 1389 3574 florentes
1433 3507 1768 3592 Stigelius,
1844 3510 2239 3593 epigramma
2252 3512 2295 3588 5)
2356 3513 2709 3595 composuit

363 3613 540 3678 cuius
584 3612 876 3676 ultimum
922 3610 1238 3676 distichon
1282 3611 1403 3675 hoc
1447 3618 1578 3675 est:

363 3817 565 3880 saepius
600 3816 702 3865 13111
737 3817 1121 3864 commemorata
1156 3814 1231 3862 ita
1266 3813 1326 3863 de
1361 3815 1454 3863 hac
1491 3830 1543 3863 re
1579 3813 1733 3863 dicit:
1773 3815 1931 3874 „Fuit
1963 3815 2071 3864 eius
2098 3818 2396 3878 conspectus
2416 3814 2706 3866 formidabi-

362 3900 456 3962 lis,
508 3909 684 3965 gratus
717 3905 913 3960 tamen3
967 3900 1100 3948 sicut
1135 3899 1270 3947 enim
1307 3900 1361 3948 in
1398 3898 1672 3963 puniendis
1708 3898 1911 3949 delictis
1947 3905 2054 3948 erat
2089 3914 2317 3960 severus,
2373 3900 2449 3949 113
2480 3900 2707 3950 vicissim

363 3985 616 4035 sanabiles
650 3990 840 4034 mentes
876 4000 1043 4033 amore
1080 3983 1505 4048 complectebatur
1549 3999 1696 4047 quam
1743 3985 1978 4036 maximo,
2050 3986 2157 4035 Nec
2205 3984 2376 4035 deerat
2424 3984 2705 4035 defensioni

365 4069 811 4129 scholasticorum,
870 4070 914 4119 si
963 4067 1166 4133 quando
1213 4068 1403 4118 iniuste
1453 4072 1850 4132 premerentur.“
1989 4071 2023 4122 ¹)
2059 4069 2119 4118 V.
2158 4070 2218 4119 de
2264 4070 2359 4119 hac
2393 4054 2706 4120 bibliotheca

364 4155 614 4205 Tentzelii
660 4153 838 4219 Suppl.
886 4154 1005 4203 hist.
1058 4153 1210 4203 Goth.
1258 4154 1300 4203 Ι.
1349 4169 1400 4217 p.
1441 4157 1553 4206 156.
1626 4152 1736 4204 Chr.
1778 4152 1937 4204 Goeth.
1973 4154 2265 4206 Neudeclcer
2298 4159 2351 4203 et
2384 4156 2445 4205 L.
2484 4155 2705 4205 Preller:

365 4242 534 4305 Geor-g
569 4239 831 4304 Spalatins
865 4238 1043 4288 histor.
1079 4237 1326 4288 Nachlass
1362 4239 1402 4286 I.
1441 4255 1490 4304 p.
1535 4241 1623 4300 113
1676 4238 1796 4289 inde
1845 4238 2048 4305 egregia
2081 4239 2381 4290 Aldinarum
2428 4240 2706 4289 editionum

366 4326 514 4391 copia
549 4325 613 4375 ad
647 4325 739 4373 hos
774 4322 1022 4388 pervenit.
1158 4320 1195 4386 ²)
1233 4320 1290 4373 T.
1326 4324 1366 4372 I.
1403 4323 1438 4373 f.
1476 4325 1591 4385 399,
1730 4322 1771 4388 ³)
1807 4323 1862 4375 T.
1899 4325 1969 4376 II.
2005 4325 2039 4374 f.
2071 4327 2183 4377 143.
2319 4321 2360 4387 ⁴)
2395 4324 2455 4375 V.
2475 4328 2706 4388 poemata

365 4412 475 4462 eius
510 4425 572 4460 ex
606 4409 728 4462 edit.
762 4410 819 4457 B.
856 4406 1099 4458 Vulcanii
1135 4422 1183 4470 p.
1226 4408 1336 4458 100.
1378 4410 1488 4460 180.
1627 4408 1664 4471 ⁵)
1702 4408 1759 4460 T.
1796 4410 1839 4457 Ι.
1875 4409 1910 4460 f.
1946 4411 2061 4462 406.
