3499 5219
1294 425 1820 488 -69-..-

378 586 639 669 quidem
683 588 1124 671 dignissimum
1171 611 1313 658 esse
1355 592 1608 657 videtur
1651 599 1717 658 et
1757 593 1961 660 milite
1992 594 2224 661 Christi
2269 603 2333 662 et
2375 598 2513 664 viro
2555 600 2723 677 forti,

377 689 474 754 Eo
533 689 705 755 enim
760 701 1032 781 apparet
1045 742 1061 775 ,
1136 695 1241 759 vel
1297 695 1532 776 „citam
1588 695 1898 761 mortem“
1955 717 2145 779 quam
2188 698 2489 765 Horatius
2540 700 2719 786 dixit,

375 790 819 858 lubentissime
862 793 1213 861 subiturum
1257 796 1452 862 fuisse
1498 796 1922 880 Victorinum,
1980 799 2034 864 si
2089 819 2284 865 causa
2336 803 2725 884 postulasset

377 894 718 975 evangelii.
809 896 1021 980 Atque
1091 897 1213 962 hac
1283 897 1655 964 fortitudine
1724 899 1913 965 huius
1983 901 2360 984 professoris
2430 903 2724 987 inprimis

373 993 612 1060 factum
657 1004 784 1079 est,
827 1005 900 1063 ut
940 999 1263 1083 principes
1306 1001 1642 1067 Ernestiae
1683 1002 1895 1083 gentis
1937 1004 2020 1068 ab
2065 1004 2355 1070 Iohanne
2396 1005 2721 1072 Friderico

375 1096 672 1163 Secundo
714 1099 868 1165 inde
910 1102 997 1167 ad
1037 1103 1160 1167 hoc
1201 1108 1452 1186 tempus
1493 1103 1848 1168 liberaliter
1890 1103 2270 1172 desisterent
2299 1127 2340 1171 a
2369 1108 2723 1174 coercenda

372 1199 702 1284 theologia
756 1204 1150 1285 evangelica.
1250 1204 1417 1270 Nam
1471 1205 1525 1270 si
1582 1211 1809 1288 postea
1864 1206 2239 1288 aliquandiu
2291 1207 2360 1272 in
2432 1209 2720 1275 ordinem

373 1308 596 1367 coacta
639 1310 736 1368 est
779 1303 1174 1372 Concordiae
1216 1306 1489 1371 formula
1534 1308 1924 1390 excogitata,
1990 1328 2121 1373 non
2164 1316 2295 1373 tam
2338 1310 2425 1375 ad
2468 1319 2721 1379 nostros

370 1403 694 1488 principes
748 1406 870 1471 hoc
926 1409 1203 1490 pertinet
1260 1428 1450 1490 quam
1499 1408 1586 1474 ad
1629 1409 1991 1475 Electorem
2033 1410 2390 1492 Augustum
2435 1413 2720 1479 domina-

371 1506 564 1571 tionis
608 1506 1121 1594 cupidissimum3
1175 1530 1279 1592 ac,
1327 1511 1384 1576 si
1427 1509 1683 1593 quando
1727 1511 1846 1576 sub
1889 1511 2053 1578 falso
2097 1514 2353 1597 pietatis
2398 1521 2462 1579 et
2511 1515 2720 1579 ortho-

372 1607 606 1674 doxiae
646 1609 906 1676 nomine
947 1632 1162 1678 rursus
1206 1612 1642 1678 obscurabitur
1681 1612 2026 1696 theologia,
2079 1614 2430 1697 releganda
2473 1615 2591 1683 erit
2632 1618 2716 1682 ab

368 1710 891 1778 universitatibus
935 1721 998 1779 et
1040 1714 1420 1779 occultanda
1459 1714 1527 1778 in
1573 1715 1796 1780 umbra
1846 1714 2325 1781 seminariorum
2339 1764 2356 1799 ,
2418 1715 2622 1782 donec
2673 1738 2720 1783 a

368 1813 595 1878 studiis
639 1814 1051 1881 humanitatis
1097 1814 1305 1883 denuo
1348 1818 1417 1880 in
1472 1816 1681 1882 lucem
1735 1818 2130 1900 restituatur,
2203 1825 2273 1883 ut
2326 1817 2561 1884 factum
2619 1826 2718 1886 est

366 1914 491 1980 hoc
531 1916 675 1999 ipso
716 1918 991 1998 saeculo,
1039 1916 1120 1983 de
1163 1937 1286 2000 quo
1333 1917 1618 1984 dicimus.

534 2018 688 2083 Post
742 2017 1133 2084 Victorinum
1189 2039 1226 2085 e
1279 2019 1596 2103 theologis
1650 2021 2028 2087 Ienensibus
2091 2022 2520 2088 nominandus
2595 2025 2716 2089 erit

365 2120 505 2191 Ich.
551 2119 917 2188 Gerhardus
961 2118 1574 2204 Quedlinburgensis
1586 2170 1602 2203 ,
1663 2142 1934 2206 magnus
1975 2124 2150 2190 illius
2193 2126 2494 2207 temporis
2537 2126 2713 2190 theo·

365 2219 570 2303 logus,
618 2223 743 2305 qui,
789 2223 1113 2289 Victorino
1156 2223 1349 2305 longe
1394 2223 1652 2306 doctior,
1698 2231 1915 2290 tamen
1948 2225 2030 2289 ab
2060 2225 2182 2289 hoc
2210 2226 2454 2308 ingenii
2483 2227 2713 2293 ardore

365 2344 444 2388 ac
485 2324 732 2390 fervore
775 2325 1002 2391 aetatis
1045 2324 1478 2408 superabatur.
1553 2325 1921 2392 Gerhardus
1965 2328 2156 2408 enim,
2202 2328 2508 2393 Iohannis
2552 2329 2712 2394 Arn-

367 2424 459 2491 dii
500 2427 759 2508 amicus,
805 2426 1092 2510 Philippi
1134 2427 1403 2510 Speneri
1445 2447 1816 2511 praecursor
1830 2476 1846 2509 ,
1891 2447 2045 2495 vera
2086 2429 2127 2492 i.
2175 2450 2229 2494 e.
2275 2437 2538 2495 actuosa
2578 2432 2711 2514 pie-

363 2533 497 2593 tate
537 2529 823 2611 miraque
862 2549 1106 2593 morum
1133 2528 1622 2595 mansuetudine
1652 2531 1997 2613 excellens,
2042 2531 2305 2596 Lutheri
2335 2531 2706 2616 doctrinam,

365 2650 554 2711 quam
599 2631 1100 2714 amplectebatur
1141 2634 1358 2714 unice,
1416 2639 1547 2697 tam
1593 2631 1778 2698 docte
1822 2633 2138 2715 simulque
2180 2640 2311 2698 tam
2362 2635 2709 2701 clementer

365 2733 644 2797 excoluit
701 2740 766 2799 et
818 2735 886 2798 in
940 2733 1228 2800 ordinem
1286 2734 1561 2817 redegit,
1635 2739 1705 2797 ut
1760 2735 1954 2817 longe
2008 2735 2265 2802 abesset
2319 2757 2361 2801 a
2401 2737 2709 2801 Flaciana

363 2836 789 2917 contumacia,
865 2855 1073 2918 neque
1115 2836 1570 2902 condemnaret
1612 2855 2003 2918 quenquam,
2079 2858 2165 2903 ne
2207 2837 2528 2903 Calixtum
2573 2839 2705 2920 qui-

365 2934 530 3017 dem,
576 2937 684 3018 qui
726 2938 911 3002 aliter
953 2938 1231 3003 sentiret.
1317 2938 1566 3003 Primus
1610 2937 1715 3002 hic
1756 2937 1874 3003 fuit
1919 2938 2109 3003 etiam
2121 2988 2137 3020 ,
2191 2940 2299 3021 qui
2341 2940 2705 3005 universam

363 3037 714 3103 doctrinam
765 3040 1204 3121 evangelicam
1256 3038 1557 3105 methodo
1614 3046 1789 3105 certa
1844 3040 2429 3122 comprehenderet.
2515 3041 2704 3107 Prae-

360 3146 538 3206 terea
589 3142 861 3224 insignis
918 3146 1016 3208 est
1067 3142 1166 3205 vir
1222 3142 1514 3224 egregius
1583 3140 1945 3206 incredibili
2018 3161 2170 3223 erga
2225 3142 2449 3207 Ienam
2520 3164 2703 3208 suam

358 3262 576 3308 amore
618 3262 694 3307 ac
735 3243 889 3324 fide,
948 3262 990 3307 a
1032 3263 1159 3325 qua
1202 3241 1528 3309 discedere
1570 3243 1806 3323 noluit,
1853 3262 2218 3325 quanquam
2263 3244 2595 3326 quinquies
2639 3251 2704 3310 et

358 3345 558 3410 vicies
600 3345 682 3410 ab
727 3345 873 3409 aliis
916 3344 1308 3427 principibus
1351 3351 1673 3410 avocatus.
1732 3344 1928 3409 Suam
1974 3344 2108 3409 dixi
2150 3347 2373 3411 Ienam
2415 3345 2702 3412 noluisse

358 3447 718 3529 relinquere
762 3445 1189 3528 Gerhardum,
1264 3453 1328 3512 et
1373 3445 1506 3511 dixi
1547 3446 1897 3512 verissime.
1986 3447 2107 3512 Hic
2149 3449 2320 3513 enim
2364 3447 2699 3529 theologus

357 3546 493 3630 fuit,
531 3550 639 3631 qui
667 3548 1036 3614 academiae
1063 3554 1318 3614 nostrae
1345 3546 1762 3613 fundamenta
1788 3547 2030 3613 roboris
2058 3550 2293 3615 iaceret
2320 3548 2696 3631 firmissima,

360 3641 656 3734 expetitis
714 3672 756 3715 a
809 3648 1199 3734 principibus
1253 3649 1486 3714 nostris
1502 3697 1518 3730 ,
1592 3647 1768 3732 apud
1831 3669 1989 3730 quos
2054 3652 2425 3716 auctoritate
2495 3651 2701 3715 valuit

359 3753 718 3837 plurimum,
762 3751 1007 3817 duobus
1050 3750 1346 3835 praediis,
1390 3750 1649 3834 Apolda
1690 3756 1882 3832 atque
1910 3752 2176 3835 Remda,
2223 3751 2451 3835 quibus
2481 3752 2698 3817 etiam-

358 3874 529 3920 nunc
570 3856 803 3920 utimur
844 3861 1151 3937 tanquam
1196 3859 1364 3919 sorte
1406 3852 1683 3934 quadam
1725 3858 2053 3936 perpetua.

529 3956 825 4037 Sequitur
864 3956 1186 4021 Iohannes
1219 3955 1516 4020 Musaeus
1545 3954 2156 4036 Schwarzburgicus‚
2203 3955 2328 4036 qui,
2376 3974 2565 4035 quum
2609 3953 2695 4018 ab

356 4057 721 4123 Aristotelis
762 4058 1200 4141 philosophia,
1261 4076 1451 4138 quam
1493 4057 1576 4122 ab
1618 4056 1802 4121 initio
1844 4062 2255 4137 tractaverat,
2324 4055 2408 4121 ad
2450 4056 2695 4121 theolo-

356 4160 529 4242 giam
550 4180 622 4225 se
643 4161 1073 4241 convertisset,
1111 4158 1279 4223 hanc
1311 4159 1661 4224 aristotelia
1692 4156 1995 4223 methodo
2031 4157 2514 4223 sustentandam
2550 4175 2694 4222 esse

356 4263 623 4346 putavit.
710 4260 903 4343 Inde,
979 4280 1171 4342 quum
1237 4260 1372 4326 eius
1427 4260 1754 4342 theologia
1805 4259 2129 4325 videretur
2180 4259 2360 4343 quasi
2413 4258 2693 4341 philoso-

355 4364 571 4449 phari,
646 4383 687 4428 a
730 4362 1279 4443 Vitebergensium
1320 4361 1539 4428 Flacio
1554 4411 1571 4445 ‚
1645 4363 1838 4426 immo
1882 4382 2033 4428 vero
2078 4360 2368 4428 Conrado
2410 4360 2694 4425 Marbur-
