3499 5219
1711 360 2058 424 —232

829 533 932 594 est
984 526 1091 610 agi
1146 525 1230 592 de
1283 533 1495 592 statua
1548 526 1830 610 pedestri
1886 527 2089 609 ignoti
2142 528 2352 593 herois
2406 527 2475 591 in
2537 527 2859 593 vestibulo
2916 526 3168 591 aedium

829 630 1120 694 Eetionis
1182 629 1661 712 Amphipolitae
1725 629 1954 712 posita.
2064 628 2228 693 Vide
2292 629 2614 712 Heynium
2676 629 2747 692 in
2816 627 3163 694 Commeat.

828 730 1063 797 Societ.
1107 731 1264 813 Reg.
1311 732 1395 795 X.
1441 751 1503 814 p.
1551 729 1699 796 sssf‘
1786 729 1918 796 Sed
1963 730 2238 795 dubitari
2282 730 2504 812 nequit
2547 731 2703 813 quin
2745 731 2982 795 Eetion
3022 732 3163 795 Ain-

827 833 1032 916 polita
1061 834 1344 915 sculptor
1384 832 1572 897 fuerit
1613 831 1818 916 ignoti
1861 832 2049 897 huius
2093 832 2326 913 herois,
2369 852 2501 896 non
2530 832 2788 899 aedium
2817 852 3159 914 possessor.

829 933 998 999 Vide
1042 933 1128 999 de
1166 934 1290 999 hoc
1330 934 1638 999 statuario
1681 931 1757 998 Ο.
1804 932 2177 998 Muellerum
2224 933 2560 1001 Archaeol.
2605 953 2670 1016 p.
2706 937 2848 997 159.
2894 934 2996 998 ed.
3026 935 3159 1015 111„

828 1042 894 1101 et
936 1036 1289 1100 Brunnium
1335 1034 1520 1111 (Hist.
1566 1036 1757 1099 artiff.
1802 1054 2047 1116 graece.
2092 1036 2142 1099 I.
2189 1056 2251 1118 p.
2285 1039 2452 1107 502.)
2498 1035 2607 1116 qui
2648 1042 2886 1114 tamen,
2934 1036 3159 1101 omisso

828 1135 1208 1201 Callimachi
1252 1137 1726 1220 epigrammate,
1774 1136 1860 1200 ad
1903 1136 2309 1201 Theocritum
2354 1137 2561 1201 solum
2619 1136 2842 1219 (epigr.
2890 1137 3041 1217 VII,
3087 1144 3158 1214 1.)

826 1245 1150 1320 provocat,
1197 1259 1388 1321 quum
1432 1238 1515 1304 de
1557 1238 1831 1304 Eetione
1873 1238 2174 1321 loquitur,
2218 1239 2455 1303 sentire
2497 1237 2688 1320 igitur
2729 1238 2984 1303 videtur
3026 1259 3159 1303 cum

828 1339 1121 1404 Iacobsio
1168 1347 1232 1405 et
1275 1340 1550 1424 Heynio.
1636 1339 1811 1404 Illud
1853 1345 2067 1403 autem
2113 1345 2539 1420 παρῳκίσατο
2586 1344 2942 1418 θυμωθείς
2984 1340 3041 1405 si
3085 1339 3159 1404 de

828 1441 1098 1506 Eetione
1155 1460 1526 1524 possessore
1581 1441 1871 1519 aedium,
1931 1461 2060 1504 non
2122 1440 2202 1505 de
2258 1441 2581 1523 sculptore
2623 1441 2795 1524 ipso,
2853 1442 3161 1507 vellemus

825 1542 1185 1625 intelligere
1228 1549 1380 1629 apto
1425 1543 1751 1608 videretur
1792 1542 2077 1607 subiecto
2122 1562 2359 1622 carere,
2405 1549 2473 1606 ut
2514 1563 2665 1606 mox
2708 1544 3066 1627 apparebit.

996 1644 1163 1708 Nam
1206 1644 1396 1710 heros
1440 1650 1538 1709 est
1581 1642 1765 1725 quasi
1810 1653 2016 1705 custos
2045 1643 2286 1706 aedium
2331 1642 2577 1710 affabre
2618 1643 2825 1711 factus
2868 1651 2934 1710 et
2976 1665 3162 1728 super

825 1745 1115 1829 postibus
1158 1746 1391 1810 ianuae
1438 1743 1529 1826 (ἐν
1559 1739 1944 1827 ὗπερθιῗρῳ)
1990 1745 2236 1830 positus
2281 1764 2443 1829 quae
2489 1765 2570 1813 ex
2597 1746 2920 1813 vestibulo
2961 1746 3031 1809 in
3073 1748 3160 1813 in·

823 1847 1119 1912 teriorem
1163 1855 1408 1930 partem
1453 1847 1708 1915 aedium
1768 1846 2121 1930 praebebat
2161 1846 2425 1911 aditum.
2513 1848 2599 1911 At
2641 1867 2834 1929 quum
2876 1848 3157 1931 ineptum

822 1947 1046 2014 fuisset
1088 1969 1478 2032 anonymum
1523 1948 1845 2031 quendam
1888 1948 2148 2013 heroem
2191 1946 2519 2014 custodem
2561 1947 2819 2032 fingere,
2865 1950 2934 2014 in
2976 1969 3159 2015 versu

820 2049 1104 2115 secundo
1149 2050 1584 2131 quaerendum
1628 2057 1725 2115 est
1757 2070 1988 2115 nomen
2033 2050 2187 2115 eius.
2255 2048 2402 2113 Fuit
2443 2056 2655 2115 autem
2698 2051 2863 2115 illud
2907 2072 3151 2133 nomen,

821 2158 892 2215 ut
937 2152 1180 2234 opinor,
1229 2172 1358 2215 non
1395 2140 1852 2232 Ἐ’πίσταθμος
1910 2157 1979 2215 ut
2035 2150 2188 2216 olim
2231 2151 2485 2233 putavi,
2544 2152 2660 2217 sed
2704 2150 2998 2235 Μικρός,
3055 2153 3151 2216 vel

822 2252 1038 2317 don’ce
1087 2257 1358 2327 Μίκκος,
1418 2253 1523 2318 vel
1568 2253 1761 2318 attice
1804 2249 2105 2335 Σμικρός,
2165 2271 2329 2335 quae
2371 2253 2633 2317 nomina
2685 2254 2948 2339 propria
2989 2255 3153 2319 inve·

824 2355 1083 2425 niuntur
1127 2355 1300 2437 apud
1343 2355 1552 2438 ipsum
1597 2352 1848 2419 Gallim.
1895 2354 2095 2439 epigr.
2140 2354 2304 2435 LII.,
2350 2354 2526 2437 apud
2570 2355 2927 2438 Diogenem
2972 2358 3152 2421 Laer-

819 2456 979 2520 tium
1025 2463 1088 2521 et
1131 2454 1305 2539 apud
1348 2455 1702 2522 Platonem.
1777 2455 2047 2538 Saepius
2091 2456 2285 2521 etiam
2328 2454 2612 2539 Σμικρός
2654 2477 2888 2522 nomen
2931 2458 3150 2540 legitur

817 2557 888 2620 in
931 2555 1469 2640 inscriptionibus.
1545 2556 1620 2622 V.
1667 2557 2092 2623 Schoemann.
2136 2557 2222 2623 ad
2266 2558 2519 2624 Isaeum
2562 2578 2624 2641 p.
2657 2562 2799 2624 270.
2867 2559 3149 2625 Nominis

820 2658 1034 2723 herois
1078 2657 1525 2742 significationi
1556 2678 1747 2741 quum
1792 2659 2339 2724 accommodatum
2373 2679 2514 2726 esse
2557 2660 2945 2744 intelligeret
2973 2662 3148 2727 vesti·

817 2759 955 2823 buli
1014 2759 1321 2828 ambitum
1380 2759 1632 2825 addidit
1687 2767 1881 2843 poeta
1947 2761 2159 2844 μικρῷ
2219 2759 2332 2825 ἐπὶ
2386 2757 2734 2845 προθύρῳ.
2835 2764 2914 2827 In
2979 2763 3145 2827 atriis

825 2867 1040 2930 autem
1084 2862 1381 2927 solebant
1425 2861 1579 2945 poni
1633 2862 1821 2943 signa
1877 2862 2160 2928 heroum.
2249 2862 2326 2926 V.
2372 2863 2664 2947 Thucyd.
2710 2863 2819 2944 VI,
2870 2868 2970 2929 27.
3030 2862 3142 2927 εἶσὶ

823 2962 891 3025 δὲ
942 2961 1164 3046 (ἕρμαῖ
1193 2960 1474 3043 λίθινοι)
1518 2961 1758 3025 πολλοὶ
1792 2964 1895 3026 καὶ
1931 2961 1997 3026 ἓν
2034 2961 2229 3040 ἰδίοις
2260 2961 2636 3045 προθύροις
2678 2961 2786 3027 καὶ
2818 2963 2886 3029 ἐν
2935 2964 3143 3046 ἱεροῖς,

813 3064 903 3128 ad
965 3083 1151 3147 quem
1208 3066 1420 3131 locum
1477 3065 1783 3130 Dukerus
1825 3064 2179 3129 Heraldum
2236 3065 2507 3130 Advers.
2554 3067 2638 3147 II,
2690 3071 2744 3130 1.
2802 3068 3145 3151 comparari

813 3166 1015 3231 iussit.

983 3267 1255 3350 Saepius
1310 3266 1601 3340 similiter
1657 3266 1732 3338 in
1782 3266 1882 3337 his
1937 3267 2301 3338 nominibus
2352 3268 2505 3334 lusit
2561 3266 3020 3352 Callimachus,
3083 3277 3145 3333 ut

811 3369 1012 3452 epigr.
1059 3369 1212 3433 XII.

1069 3467 1387 3544 Σύντομος
1428 3457 1504 3546 ἦν
1546 3463 1578 3529 ὃ
1625 3467 1828 3540 ξεῖνος,
1875 3466 1907 3529 ὅ
1956 3469 2054 3529 καὶ
2100 3465 2317 3551 τάφος,
2364 3466 2435 3530 οὗ
2478 3468 2691 3549 μακρὰ
2734 3469 2904 3543 λέξω.

1150 3552 1343 3631 Θῆρις
1378 3549 1737 3631 Ἀρισταίου
1787 3552 1961 3632 Κρὴς
1999 3550 2112 3615 ὑπ’
2159 3554 2322 3631 ἐμοί·
2370 3552 2630 3632 δολιχόν.

808 3678 875 3736 et
896 3671 1054 3736 alibi
1081 3668 1212 3735 αἷεὶ
1235 3679 1644 3751 τοῒςμικκοῒς
1665 3667 1865 3752 μικκὰ
1879 3670 2139 3735 διδοῦσι
2154 3677 2325 3736 θεοί.
2354 3674 2631 3756 (Fragm.
2648 3673 3139 3751 OLXXVIIII.).

979 3772 1212 3840 Miccus
1256 3771 1464 3856 igitur,
1510 3772 1566 3840 si
1606 3772 1702 3844 ita
1729 3771 1944 3842 dicere
1984 3773 2204 3842 licebit
2243 3782 2558 3842 mortuum
2599 3775 2878 3860 heroem,
2924 3783 3140 3860 putan-

808 3873 930 3940 dus
988 3879 1086 3940 est
1140 3893 1316 3955 equo.
1358 3874 1668 3942 meruisse
1730 3879 1795 3939 et
1847 3874 1917 3938 in
1972 3894 2193 3958 pugna
2247 3876 2526 3958 quadam
2579 3876 2931 3944 trucidatus
2987 3897 3138 3946 esse.

807 3974 966 4042 Post
1006 3980 1275 4042 mortem
1319 3996 1441 4042 vm
1482 3976 1735 4059 signum
1780 3974 1919 4041 eius
1962 3983 2299 4043 erexerunt
2340 3983 2640 4060 parentes
2697 3978 2771 4046 in
2827 3978 3017 4044 domo
3057 3979 3141 4048 fa-

815 4074 1055 4159 miliae,
1101 4082 1169 4141 at
1210 4097 1341 4148 non
1386 4083 1700 4160 equestre,
1744 4084 1816 4144 ut
1857 4097 1977 4161 par
2021 4085 2174 4161 erat,
2222 4077 2339 4144 sed
2381 4079 2681 4162 pedestre
2723 4080 2897 4166 quod
2936 4082 3139 4168 aptius

811 4176 1154 4244 videbatur
1197 4196 1342 4250 esse
1382 4177 1673 4248 modicae
1715 4178 2018 4248 vestibuli
2061 4180 2537 4264 opportunitati.
2611 4180 2886 4250 Causam
2928 4188 3140 4250 tamen

810 4297 978 4363 quae
1019 4278 1414 4350 invenienda
1467 4286 1607 4348 erat
1664 4280 1734 4345 in
1788 4280 2044 4348 aedium
2097 4281 2382 4366 ipsarum
2437 4284 2754 4369 parvitate
2806 4282 3024 4370 lepide
3076 4285 3143 4351 in
