3499 5219
1657 434 1789 440 ψ-
1879 397 2001 460 184
2092 429 2222 437 ’--

934 567 1203 634 Accedit
1257 568 1530 633 tertium.
1620 564 1743 644 Qui
1801 584 1861 629 V.
1909 567 1948 629 9
2012 570 2077 630 et
2138 568 2213 629 10
2268 563 2673 648 proferuntur
2726 565 2882 630 mali
2933 567 3118 648 genii

767 669 1104 754 Syntrips,·
1131 670 1498 752 Smaragus,
1521 668 1842 747 ‘Asbetus,
1903 665 2214 732 Sabactes
2268 671 2333 731 et
2376 663 2767 732 Omodamus
2812 674 2961 732 sunt
2999 669 3121 733 ha-

764 770 963 839 bendi
1018 771 1086 836 in
1141 771 1223 837 iis
1278 769 1698 836 daemonibus
1767 768 1875 851 qui
1929 767 2012 832 ab
2069 767 2571 834 Atheniensibus
2630 767 2853 833 Cobali
2917 769 3119 848 (unde

772 880 1058 939 nostrum
1087 872 1346 936 Kobold
1384 871 1832 938 deducendum
1862 888 2006 935 esse
2038 868 2203 933 dixit
2228 861 2594 935 Lobeckius
2624 870 2768 952 Agl.
2802 891 2864 953 p.
2902 874 3115 948 1320.)

767 975 874 1041 vel
905 975 1265 1058 paullulum
1293 974 1626 1039 immutato
1653 973 1914 1038 nomine
1945 967 2284 1051 Κοάλεμοι
2313 975 2399 1050 (v.
2429 970 2754 1055 Aristoph.
2786 973 2906 1054 Eq.
2939 975 3113 1049 221.)

774 1075 1170 1143 dicebantur.
1259 1078 1337 1142 In
1399 1077 1501 1142 his
1565 1075 1648 1139 ab
1705 1073 2226 1154 Atheniensibus,
2294 1079 2466 1140 certe
2526 1074 2612 1139 ab
2675 1072 3118 1156 Aristophane

765 1177 909 1260 (Eq.
956 1181 1128 1255 639.)
1143 1227 1160 1261 ,
1219 1178 1577 1244 referuntur
1631 1177 1827 1242 etiam
1868 1176 2206 1241 Mothones
2221 1223 2237 1257 ,
2296 1174 2660 1257 Phenaces,
2719 1175 3112 1257 Berescheti‚

765 1277 1009 1361 Scitali,
1056 1281 1112 1345 si
1141 1279 1333 1344 modo
1374 1285 1547 1345 recte
1588 1278 1834 1344 habent
1861 1279 2078 1342 omnia
2118 1277 2237 1342 illa
2279 1276 2544 1342 nomina
2572 1296 2840 1359 quorum
2884 1279 3113 1360 perob-

767 1399 955 1446 scura
999 1381 1334 1463 originatio
1379 1386 1495 1462 est,
1540 1386 1713 1445 certe
1755 1379 2394 1455 Bereschethorum.¹)

710 1476 714 1479 ’
934 1481 1175 1547 Horum
1208 1482 1611 1562 daemonum,
1656 1481 1986 1545 hominum
2015 1481 2229 1562 etiam,
2258 1486 2328 1544 ut
2352 1480 2666 1546 fascinum
2697 1483 3108 1562 (βασκανίαν)

764 1588 830 1648 et
869 1583 1182 1648 invidiam
1225 1583 1630 1669 depellerent
1656 1582 1925 1665 antiqui,
1967 1583 2037 1647 in
2077 1566 2332 1663 ianuis,'
2354 1582 2664 1666 imprimis
2693 1581 3107 1664 officinarum,

768 1684 1165 1768 suspendere
1204 1686 1504 1753 solebant
1543 1684 2062 1750 terriculamenta
2089 1683 2429 1766 quaedam,
2476 1702 2741 1765 quorum
2784 1705 2982 1748 unum
3027 1704 3111 1750 ex

769 1787 1032 1852 vasculo
1105 1787 1370 1870 antiquo
1442 1786 1837 1852 collectionis
1907 1786 2417 1868 Ludovicianae,
2491 1805 2660 1867 quae
2727 1784 3111 1852 adservatur

761 1888 1104 1970 Monachii‚
1151 1886 1482 1954 commode
1523 1907 1730 1971 nuper
1772 1886 1976 1953 edidit
2017 1885 2091 1953 Ο.
2122 1887 2388 1953 Iahnius
2437 1887 2760 1967 (Berichte
2800 1887 2961 1951 uber
3004 1887 3109 1954 die

764 1988 1120 2055 Verhandl.
1164 1990 1227 2054 d.
1272 1990 1534 2071 Konigl.
1566 1989 1788 2055 Sachs.
1822 1989 2252 2055 Gesellschaft
2295 1987 2411 2054 der
2436 1987 2829 2055 Wissensch.
2874 1989 3105 2054 Philol.

762 2090 910 2155 hist.
957 2090 1181 2157 Classe
1228 2095 1410 2156 1854.
1457 2092 1553 2168 I.).
1642 2089 1830 2170 Quod
1871 2090 1940 2155 in
1984 2110 2061 2156 eo
2105 2090 2492 2174 conspicitur
2532 2090 2873 2154 barbatum
2917 2096 3108 2172 caput

763 2192 851 2256 ad
910 2191 1236 2257 fornacem
1290 2192 1627 2276 figulorum
1696 2191 1958 2258 affixum
2017 2192 2266 2257 larvam
2323 2191 2539 2276 Satyri
2607 2211 2749 2257 esse
2810 2194 3109 2274 opinatur

764 2293 1065 2376 Iahnius;
1111 2294 1437 2361 crederem
1481 2295 1536 2360 si
1579 2315 1767 2360 aures
1809 2294 2037 2379 capitis
2093 2299 2309 2359 essent
2350 2300 2579 2360 acutae
2593 2341 2610 2376 ,
2666 2313 2838 2357 nunc
2894 2299 3107 2359 autem

762 2394 1011 2460 larvam
1056 2416 1199 2462 esse
1242 2397 1600 2479 putaverim
1631 2396 1880 2461 Cerami
1925 2395 2156 2476 herois,
2200 2414 2328 2477 qua
2368 2392 2826 2460 invidiosorum
2871 2415 3108 2461 noxam

763 2497 1024 2579 reprimi
1065 2516 1257 2580 posse
1299 2498 1615 2580 putabant
1656 2499 2105 2563 Athenienses.
2193 2496 2498 2562 Similiter
2551 2496 2867 2562 Pisistrati
2908 2521 3109 2561 κατα-

762 2594 918 2684 χήνη
934 2600 978 2675 ²)
1050 2618 1178 2681 qua
1239 2599 1447 2683 ipsam
1481 2595 1722 2666 'arcem
1778 2600 2176 2666 Athenarum
2233 2598 2350 2665 ille
2403 2597 2568 2664 tueri
2630 2599 2834 2665 voluit
2887 2607 3110 2666 contra

763 2693 1228 2766 malevolorum
1282 2707 1575 2785 conatus,
1633 2703 1798 2768 nihil
1850 2701 2030 2768 aliud
2085 2700 2283 2767 fuisse
2324 2700 2580 2767 videtur
2632 2719 2824 2782 quam
2879 2703 3109 2785 ingens

764 2801 1012 2866 locusta
1055 2802 1162 2867 vel
1206 2802 1418 2886 potius
1447 2798 1671 2869 cicada
1714 2805 1902 2883 (haec
1930 2803 2104 2868 enim
2144 2802 2301 2868 item
2343 2802 2413 2867 in
2458 2794 2680 2883 ἀκρίσι
2722 2802 3106 2881 habebatur)

762 2902 831 2967 in
859 2902 1266 2969 formidinem
1298 2902 1593 2988 adaucta,
1639 2925 1806 2988 quae
1836 2904 2187 2988 antiquitus
2215 2904 2469 2986 signum
2497 2910 2636 2971 erat
2664 2897 3109 2988 αὖτοχθονᾰας

763 3005 1275 3072 Atheniensium.
1375 3005 1455 3071 In
1515 3007 1703 3072 huius
1757 3008 1969 3072 locum
2037 3025 2230 3088 quum
2284 3004 2699 3088 antiquitate
2735 3014 2905 3072 esset
2961 3028 3108 3073 con-

764 3112 1021 3190 sumpta
1063 3108 1337 3189 primum
1379 3107 1645 3174 Phidias
1705 3109 1776 3172 in
1830 3104 2022 3174 hasta
2076 3106 2407 3175 Minervae
2459 3108 2853 3174 Promachae
2909 3110 3109 3175 aliam

763 3209 1056 3290 posuisse
1069 3209 1143 3291 3),
1219 3210 1575 3277 Antiochus
1639 3215 1867 3293 postea
1925 3209 1995 3274 in
2058 3208 2218 3292 ipsis
2277 3208 2445 3275 arcis
2508 3209 2778 3276 moeniis
2842 3230 3106 3276 auream

896 3410 935 3474 ι)
971 3411 1032 3461 Si
1065 3412 1319 3462 scribatur
1352 3411 1606 3480 Βερέσχετ
1617 3408 1671 3462 οἰ
1714 3410 2140 3477 significabuntur
2184 3412 2226 3462 ii
2262 3427 2477 3479 quorum
2509 3415 2665 3476 eaput
2696 3412 2897 3465 laborat
2928 3429 3104 3478 grave-

764 3494 898 3557 dine,
934 3496 1351 3561 quemadmodum
1384 3495 1652 3567 βέρεθρον
1685 3498 1974 3562 antiquitus
2010 3496 2206 3547 dictum
2239 3504 2316 3547 est
2344 3512 2436 3561 pro
2462 3494 2770 3567 βάραθρον.
2817 3498 3104 3550 Scholiasta

764 3580 901 3629 enim
934 3581 1291 3645 Aristophanis
1328 3578 1453 3638 τοὺς
1475 3579 1853 3649 Βερεσχέθους·
1885 3581 2137 3648 explicuit
2170 3577 2296 3636 τοὺς
2331 3574 2609 3642 ἀνοήτους.
2663 3583 2761 3632 Sed
2795 3583 2859 3633 cf.
2887 3581 3106 3652 ἐρεσχε-

763 3661 889 3714 λεῖν.
1026 3663 1065 3718 ἰ
1100 3665 1160 3715 V.
1197 3667 1416 3718 Lobeck.
1452 3666 1566 3731 Agl.
1601 3682 1652 3732 p.
1690 3668 1810 3720 970.
1943 3666 1982 3730 3)
2016 3665 2077 3715 V.
2117 3665 2397 3730 Goettling.
2434 3683 2537 3731 ges,
2573 3663 2703 3717 Abh.
2740 3668 2783 3730 Ι,
2819 3684 2870 3732 p.
2904 3671 3017 3720 115.
3053 3673 3106 3720 et

764 3764 1084 3813 programma
1120 3750 1181 3800 de
1215 3751 1449 3818 Aeschyli
1480 3761 1527 3802 et
1560 3751 1831 3803 Simonidis
1865 3751 2229 3818 epiqrammatis
2271 3751 2412 3803 1859.
2459 3766 2509 3815 p.
2548 3754 2596 3803 6.
2668 3754 2709 3801 Α
2756 3751 3106 3819 καταχαίνειν

765 3849 920 3898 quum
954 3833 1226 3885 descendat
1258 3832 1560 3885 vocabulum
1593 3836 1727 3885 nihil
1763 3835 1962 3887 videtur
1995 3835 2135 3885 aliud
2170 3835 2458 3900 significare
2493 3851 2644 3900 quam
2689 3837 2880 3887 animal
2918 3853 3104 3903 magno

763 3918 868 3970 oris
901 3919 1038 3973 rictu
1071 3934 1286 3984 superne
1311 3916 1712 3984 adspicientibus
1738 3921 1960 3970 inhians.
2014 3920 2210 3970 Similis
2244 3924 2321 3971 est
2353 3919 2445 3970 illa
2478 3920 2634 3982 larva,
2669 3921 2725 3972 in
2759 3927 2897 3972 turre
2932 3924 3104 3974 curiae

763 4003 993 4053 Ienensis
1030 4004 1319 4055 etiamnunc
1344 4004 1547 4055 residua
1574 4004 1667 4055 sub
1693 4004 1897 4055 nomine
1922 4004 2304 4072 Schnappham,
2342 4004 2403 4055 de
2428 4021 2528 4071 qua
2553 4010 2631 4056 est
2651 4004 2780 4057 illud
2798 4007 2870 4060 M.
2887 4008 3106 4059 Lutheri

762 4087 820 4137 in
855 4088 1172 4138 orationibus
1206 4088 1270 4138 ad
1304 4104 1510 4139 coenam
1544 4090 1725 4140 dictis:
1763 4091 1830 4141 du
1862 4102 2078 4158 sper-rest
2109 4092 2203 4142 das
2230 4089 2382 4141 Maul
2413 4091 2514 4156 auf
2538 4092 2628 4143 wie
2656 4092 2805 4143 Hans
2836 4110 2930 4142 von
2954 4093 3103 4145 Jena.

762 4171 993 4223 Fuerunt
1038 4173 1174 4223 enim
1222 4173 1309 4238 qui
1356 4174 1526 4239 ipsum
1572 4189 1755 4226 nomen
1801 4174 1952 4227 Ienae
1999 4173 2287 4224 derivarent
2332 4190 2362 4224 a
2408 4174 2559 4226 verbo
2614 4174 2848 4238 Giilmcn,
2896 4179 2957 4226 ut
2999 4177 3106 4243 ipsi

763 4256 1002 4309 Ienenses
1038 4258 1184 4323 quasi
1217 4257 1509 4309 viderentur
1542 4260 1840 4326 Κεχηναῖοι
1872 4257 2201 4324 Thuringiae.
2268 4259 2418 4311 Hanc
2462 4260 2625 4325 igitur
2657 4260 2848 4311 larvam
2882 4276 2985 4312 nou
3021 4263 3104 4313 in·

764 4343 1025 4395 commode
1060 4343 1248 4394 dixeris
1282 4339 1613 4410 Καταχῆνην
1646 4344 1922 4395 Ienensem.
