3499 5219
1276 424 1844 486 ——237—

378 588 775 659 Scholiastes
818 589 949 655 iam
992 597 1325 657 monuerat
1366 592 1483 658 hos
1525 609 1747 657 versus
1801 589 1889 657 ad
1931 611 2113 657 suam
2170 612 2306 659 rem
2361 594 2716 681 paullisper

379 691 749 757 immutatos
792 691 1285 776 Aristophanem
1329 698 1680 757 mutuatum
1723 711 1866 759 esse
1908 711 1944 758 e
1988 692 2250 759 Pindari
2309 696 2607 779 prosodio
2650 696 2717 763 in

381 794 683 876 Dianam,
731 793 908 859 cuius
952 795 1074 859 hoc
1116 802 1252 859 erat
1295 794 1575 859 initium:

998 928 1081 988 Τι’
1118 927 1366 988 κάλλιον
1408 925 1828 1008 ἀρχομένοισιν

987 1008 1025 1091 ἢ
1068 1011 1656 1091 καταπαυομένοισιν

987 1093 1025 1177 ἢ
1066 1093 1440 1174 βαθυζώναν
1482 1119 1545 1159 τε
1586 1092 1795 1160 Λατώ

990 1184 1088 1243 καὶ
1135 1185 1302 1243 θοᾶν
1337 1183 1544 1244 ἵππων
1586 1178 1900 1263 ἓλάτειραν
1941 1178 2154 1245 ἀεῖσαι.

380 1336 595 1419 Atque
636 1333 799 1400 adeo
844 1335 1095 1401 celebre
1135 1333 1254 1399 fuit
1295 1333 1417 1399 hoc
1459 1335 1845 1418 prosodiam,
1908 1341 1976 1401 ut
2031 1344 2175 1421 post
2216 1334 2712 1419 Aristophanem

381 1437 578 1504 etiam
621 1438 981 1503 Demetrius
1026 1435 1301 1503 Chalcus
1345 1455 1421 1502 eo
1464 1436 1643 1503 initio
1690 1458 1839 1504 usus
1883 1437 1965 1505 sit
2005 1437 2106 1504 his
2150 1436 2395 1505 verbis:

1471 1570 1535 1631 τί
1572 1570 1821 1632 κάλλιον
1862 1570 2283 1651 ἀρχομένοισιν

820 1654 858 1735 ἢ
904 1653 1434 1735 καταπαυομέναις
1477 1652 1512 1736 ἢ
1557 1652 1624 1718 τὸ
1668 1654 2142 1734 ποθεινότατον,-

383 1830 447 1874 v.
493 1809 724 1874 Athen.
770 1806 912 1873 XV.
958 1830 1022 1892 p.
1070 1811 1213 1874 702.

554 1926 638 1992 Hi
667 1946 887 1992 omnes
917 1932 1129 1993 autem
1157 1927 1279 1991 hoc
1306 1925 1591 1992 fecerunt
1620 1926 1704 1992 ad
1735 1928 2099 2011 exemplum
2131 1925 2710 2011 antiquissimorum

382 2028 1030 2116 hymnographorum‚
1075 2035 1145 2093 ut
1184 2027 1249 2093 h.
1293 2027 1362 2092 in
1404 2026 1636 2093 Bacch.
1681 2027 1926 2114 XXVI,
1979 2032 2084 2097 18:

1028 2157 1259 2248 ᾄδομεν
1301 2160 1623 2245 ἀρχόμενοι
1668 2160 1949 2245 λήγοντές
1992 2186 2072 2227 τε.

381 2316 712 2400 Theognis
754 2314 892 2381 init.

756 2441 840 2511 Ὦ
884 2442 1002 2510 ἄνα
1043 2449 1308 2530 Λητοῦς
1347 2448 1455 2527 υἷέ,
1501 2448 1655 2519 Διὸς
1695 2450 1882 2526 τέκος,
1928 2445 2145 2512 οὔποτε
2190 2458 2314 2513 σεῖο

855 2531 1159 2616 Λήσομαι
1204 2530 1536 2618 ἀρχόμενος
1577 2531 1719 2597 οὐδ’
1767 2532 2248 2615 ἀποπαυόμενος.

377 2697 574 2774 atque
614 2689 815 2773 ipsius
859 2688 1123 2755 Hesiodi
1166 2689 1409 2773 Theog.
1457 2694 1558 2755 34.
1605 2694 1704 2756 48.

552 2809 691 2874 Iam
745 2826 898 2874 vero
961 2807 1114 2890 quid
1169 2808 1434 2891 cogitari
1488 2809 1699 2893 aptius
1753 2809 1989 2892 potuit,
2049 2829 2239 2892 quam
2295 2809 2348 2873 si
2411 2809 2711 2891 Equitum

380 2911 612 2977 chorus
667 2909 953 2975 abiturus
1020 2915 1219 2974 totam
1275 2909 1672 2976 comoediam
1740 2908 2068 2976 clauderet
2122 2902 2190 2995 (ἢ
2245 2933 2712 2973 καταπαυο-

383 3007 523 3090 μέν
542 3030 577 3070 o
596 3009 736 3084 ισι)
780 3009 864 3076 iis
902 3010 1117 3076 verbis
1162 3011 1391 3094 quibus
1434 3019 1498 3078 et
1540 3018 1933 3096 spectatores
1990 3018 2054 3077 et
2094 3010 2336 3078 iudices
2393 3011 2577 3094 quasi
2619 3012 2713 3077 in·

380 3112 615 3178 vitaret
656 3110 742 3177 ad
786 3111 1229 3196 accipiendum
1273 3132 1459 3179 omen
1501 3112 1909 3178 Pindaricum
1954 3112 2512 3196 coronandumque
2565 3133 2713 3197 poe-

381 3219 513 3278 tam
582 3213 689 3298 qui
745 3215 1067 3298 egregiam
1132 3214 1433 3298 Equitum
1498 3213 1895 3280 comoediam
1962 3214 2449 3298 composuerat?
2533 3214 2713 3280 Nihil

379 3315 554 3379 enim
595 3316 1056 3399 propemodum
1100 3317 1261 3382 haec
1304 3316 1593 3382 clausula
1636 3315 1849 3383 differt
1890 3316 1974 3381 ab
2017 3317 2139 3383 hac
2167 3316 2706 3383 Acharnensium:

757 3445 886 3511 ἀλλ’
933 3445 1265 3530 ἑψόμεσθα
1308 3449 1423 3531 σὴν
1455 3445 1640 3531 χάριν

758 3531 1013 3616 τήνελλα
1056 3535 1396 3597 καλλίνικον
1437 3530 1686 3622 ᾅδοντές
1726 3557 1789 3597 τε
1836 3534 1935 3595 καὶ
1980 3534 2088 3597 τὸν
2129 3532 2337 3619 ᾆσκόν,

377 3694 492 3752 aut
534 3688 617 3754 ab
660 3687 782 3753 hac
826 3688 1090 3754 Avium:

1165 3819 1439 3899 Ἀλαλαί,
1485 3818 1545 3903 ἰὴ
1587 3817 1811 3885 Παιών

1173 3903 1430 3988 τήνελλα
1453 3907 1829 3981 καλλίνικος,
1876 3895 1925 3969 ὦ

1176 3990 1482 4070 δαιμόνων
1521 3989 1836 4075 ὑπέρτατε.

380 4144 704 4211 Accedam
748 4143 835 4209 ad
876 4144 1038 4211 alios
1071 4145 1380 4227 quosdam
1411 4145 1694 4212 eiusdem
1725 4144 2093 4212 comoediae
2121 4146 2315 4230 locos,
2362 4147 2468 4230 qui
2498 4166 2708 4212 emen·

383 4248 645 4314 datione
699 4246 998 4312 videntur
1058 4244 1366 4329 indigere.
1466 4248 1562 4314 Ac
1615 4246 1887 4331 primum
1947 4245 2201 4329 quidem
2259 4267 2386 4313 vss.
2446 4251 2544 4313 30.
2606 4252 2707 4313 31.

382 4369 578 4432 quum
619 4348 836 4416 Nicias
882 4347 1183 4414 dixisset:
