3499 5219
1298 425 1885 507 -m-ae

386 595 559 675 dum,
607 600 670 659 et
713 593 994 674 aliquam
1039 599 1209 657 certe
1242 592 1618 675 particulam
1649 594 1952 675 antiquae
1980 595 2222 676 gloriae
2251 597 2337 660 ad
2367 617 2485 665 nos
2515 599 2729 683 etiam,

385 695 572 777 quasi
614 695 1043 776 haereditate,
1099 693 1254 758 inde
1296 694 1659 761 redundare
1703 697 2101 761 arbitramur.
2191 697 2347 776 Quis
2405 699 2604 783 enim,
2663 709 2733 767 ut

385 798 511 862 hoc
552 803 728 878 utar,
789 797 1068 862 Homero
1113 795 1269 860 vitio
1311 797 1504 863 vertit
1546 797 1717 878 quod
1760 798 1828 863 in
1871 798 2144 864 Iliadem
2187 799 2453 865 inseruit
2495 804 2731 867 catalo-

384 920 537 982 gum
594 900 852 963 navium
909 898 1000 967 sic
1064 897 1333 980 dictum,
1409 899 1546 981 (1111,
1624 919 1989 980 quanquam
2046 901 2209 967 nihil
2267 902 2551 968 continet
2605 905 2731 970 nisi

385 1002 649 1067 nomina
692 1002 1071 1084 populorum
1116 1000 1502 1064 Graecorum
1545 1000 1853 1082 celebria,
1910 1022 1949 1064 a
1993 1003 2237 1067 cunctis
2277 1009 2494 1068 tamen
2538 1005 2730 1073 Grae-

385 1104 477 1168 cis
521 1123 651 1166 non
694 1103 832 1177 sine
875 1102 1223 1167 ambitione
1267 1102 1546 1183 quadam
1594 1103 1839 1183 gloriae
1893 1109 1960 1168 et
2013 1104 2394 1170 audiebatur
2445 1112 2510 1171 et
2563 1108 2733 1189 lege-

382 1206 589 1287 batur,
636 1204 805 1287 quod
848 1203 935 1268 ad
978 1223 1047 1268 80
1092 1224 1342 1287 (1110(1110
1384 1205 1702 1287 pertinere
1729 1205 1966 1286 singuli
1993 1206 2308 1287 putabant
2334 1208 2731 1289 praeclarum
2825 1263 2829 1268 .

382 1306 548 1372 illud
588 1306 1019 1372 testimonium
1061 1306 1449 1373 fortitudinis
1483 1307 1787 1388 antiquae
1803 1306 1836 1370 ‘2
1880 1305 2034 1384 Quis
2076 1309 2506 1390 reprehendat
2534 1312 2732 1375 Erne-

383 1417 551 1476 stum
612 1408 975 1474 Mauritium
1031 1407 1370 1472 Arndtium
1385 1457 1401 1490 ,
1476 1408 1647 1491 quod
1704 1409 2091 1473 cantilenam
2156 1411 2509 1492 composuit
2579 1430 2732 1477 vere

382 1513 759 1596 popularem
775 1558 791 1591 ,
867 1529 994 1591 qua
1049 1511 1302 1591 singula
1352 1511 1614 1575 nomina
1654 1510 1983 1591 regionum
2030 1510 2548 1576 Germanicarum
2591 1533 2732 1595 per-

383 1615 681 1679 lustravit
734 1612 858 1694 ita,
934 1620 1003 1676 ut
1058 1631 1169 1677 eas
1227 1632 1447 1678 omnes
1503 1632 1645 1678 esse
1706 1612 2046 1677 universae
2104 1611 2491 1678 Germaniae
2548 1615 2730 1694 quasi

381 1716 671 1781 membra
715 1714 1178 1779 demonstraret
1222 1715 1515 1796 egregius
1557 1714 1996 1781 nomenclator
2026 1714 2409 1780 Germaniae
2422 1715 2456 1778 ‘?
2528 1716 2732 1798 Igitur

381 1839 466 1884 ne
510 1837 614 1882 me
658 1817 914 1899 quidem
959 1815 1152 1880 hodie
1201 1815 1584 1898 poenitebit,
1645 1817 1699 1880 si
1753 1817 2193 1881 nomenclator
2235 1816 2528 1883 lenensis
2586 1836 2730 1883 0880

380 1920 666 1984 audiero.
739 1918 911 1982 Malo
955 1917 1125 1982 enim
1168 1917 1517 1999 vituperari
1559 1924 1820 2000 propter
1863 1917 2182 1999 quendam
2227 1918 2503 1983 ambitus
2546 1919 2729 1985 ardo-

380 2034 517 2087 r'em
561 2042 751 2104 quam
793 2025 1056 2102 propter
1094 2019 1508 2101 impietatem,
1555 2039 1719 2102 quae
1764 2020 1846 2084 ab
1892 2018 2202 2084 hodierno
2239 2020 2363 2102 die,
2411 2040 2534 2102 quo
2563 2020 2728 2103 grati

382 2144 525 2190 esse
569 2142 789 2187 omnes
833 2120 1253 2186 admonemur
1293 2120 1591 2203 graviter,
1638 2123 1834 2204 plane
1877 2127 2014 2186 esto
2056 2121 2289 2186 aliena.

552 2225 761 2306 Atque
816 2223 1164 2306 primordia
1220 2223 1477 2304 quidem
1531 2222 1967 2288 universitatis
2032 2229 2290 2287 nostrae
2362 2219 2725 2304 quanquam

381 2334 530 2392 sunt
575 2346 690 2409 per
732 2345 802 2390 se
847 2326 1112 2407 exigua,
1170 2332 1386 2391 tamen
1429 2332 1698 2406 augusta
1739 2324 1959 2389 licebit
2003 2324 2214 2389 dicere
2257 2313 2517 2407 propter
2561 2344 2724 2405 eum,

382 2428 490 2512 qui
534 2429 773 2511 primus
817 2426 1195 2493 condendae
1240 2427 1576 2492 consilium
1619 2426 1808 2509 cepit.
1881 2427 2029 2491 Fuit
2070 2427 2183 2490 ille
2226 2426 2550 2491 Iohannes
2593 2427 2727 2491 Fri-

381 2531 631 2595 dericus
675 2529 1122 2612 Magnanimus
1137 2577 1153 2612 ,
1201 2528 1341 2611 qui,
1400 2536 1738 2612 postquam
1783 2549 1824 2592 a
1869 2527 2096 2593 Oarolo
2140 2529 2390 2611 quinto,
2449 2529 2727 2612 Impera-

380 2639 518 2698 tore
590 2635 880 2697 Romano
955 2631 1334 2696 Germanico
1405 2631 1475 2694 in
1545 2630 1717 2695 bello
1784 2631 2212 2696 Smalcaldico
2228 2680 2244 2713 ,
2321 2637 2541 2696 exorto
2611 2632 2725 2698 illo

378 2741 641 2818 propter
682 2739 1080 2798 attrectatam
1122 2733 1451 2815 religionis
1495 2732 1876 2814 libertatem,
1922 2733 2127 2797 victus
2156 2740 2505 2815 captusque
2537 2739 2723 2815 esset,

378 2837 448 2900 in
489 2836 664 2919 'ipsis
717 2835 988 2900 vinculis
1042 2835 1388 2917 mortisque
1441 2834 1724 2917 periculo
1789 2835 1994 2898 noluit
2055 2835 2352 2900 deserere
2413 2834 2727 2899 libertatis

381 2958 662 3019 causam,
708 2943 968 3019 propter
1012 2956 1201 3017 quam
1244 2958 1424 3001 arma
1464 2935 1704 3001 invitus
1747 2942 2093 3018 receperat.
2161 2935 2379 3000 Victus
2423 2936 2726 3001 amiserat

381 3060 523 3105 cum
569 3040 809 3103 maiore
856 3044 1041 3121 parte
1097 3044 1406 3103 terrarum
1463 3058 1722 3103 suarum
1777 3038 1972 3103 etiam
2017 3037 2424 3119 Vitebergam
2442 3086 2458 3119 ,
2534 3057 2725 3118 quam

378 3148 642 3225 propter
681 3140 934 3205 triarios
978 3159 1156 3221 suos,
1223 3140 1571 3204 Lutherum
1624 3145 1687 3204 et
1729 3139 2322 3221 Melanchthonem,
2393 3138 2727 3204 dictitabat

379 3264 592 3309 arcem
637 3263 779 3309 esse
827 3241 1271 3307 reformandae
1328 3241 1668 3324 ecclesiae3
1741 3240 1829 3305 ad
1885 3260 2076 3323 quam
2092 3288 2108 3322 ,
2186 3239 2362 3323 apud
2418 3260 2487 3305 80
2543 3240 2725 3322 (111881

378 3344 884 3411 resuscitandam
927 3344 997 3407 in
1043 3343 1362 3409 concessis
1406 3342 1531 3407 sibi
1573 3342 1655 3407 ab
1699 3342 2093 3424 Imperatore
2122 3342 2507 3423 regionibus,
2554 3341 2725 3407 Vite-

378 3448 581 3528 berga
622 3447 845 3511 Ienam
890 3445 1207 3511 deducere
1251 3444 1567 3508 coloniam
1609 3443 2050 3525 theologorum
2094 3444 2435 3508 constituit.
2522 3444 2725 3509 Huius

379 3529 671 3613 coloniae
713 3548 1121 3629 archegetam
1164 3546 1366 3610 voluit
1408 3565 1549 3611 esse
1592 3545 2150 3610 Melanchthonem
2169 3592 2185 3625 ,
2232 3563 2449 3626 quem,
2496 3547 2726 3610 Roma-

377 3670 606 3714 norum
661 3649 1114 3732 imperatorum
1168 3667 1409 3713 morem
1467 3654 1718 3713 secutus
1734 3695 1751 3728 ,
1827 3647 2010 3728 quasi
2063 3647 2282 3711 lumen
2354 3652 2418 3712 et
2489 3667 2725 3712 numen

381 3752 732 3834 evangelii,
809 3757 1115 3833 tanquam
1181 3769 1262 3814 ex
1318 3749 1535 3814 hostili
1590 3750 1749 3814 urbe
1807 3768 2074 3814 evocare
2131 3754 2396 3812 conatus
2455 3755 2570 3813 081.
2658 3750 2725 3813 Is

378 3860 596 3919 antem
610 3902 626 3935 ,
673 3853 757 3917 ab
801 3851 983 3918 initio
1028 3851 1227 3916 animi
1268 3852 1576 3932 incertus,
1622 3857 1850 3933 postea
1893 3851 2235 3915 arbitratus
2281 3855 2379 3914 est
2422 3849 2545 3914 sibi
2586 3868 2727 3933 per-

381 3953 736 4020 sistendum
780 3974 921 4019 esse
944 3955 1055 4019 ribi
1070 4002 1086 4035 ,
1133 3973 1257 4036 quo
1298 3953 1509 4035 ipsum
1553 3972 1867 4017 summum
1911 3971 2148 4017 numen
2193 3970 2263 4016 se
2307 3950 2725 4016 collocavisse

376 4057 719 4123 videretur.
808 4056 1059 4139 Nempe
1114 4054 1415 4139 praemiis
1471 4053 1813 4137 propositis
1870 4074 2001 4119 non
2065 4052 2515 4118 alliciebantur
2584 4052 2723 4118 eius

377 4159 682 4241 temporis
724 4158 1146 4241 professores,
1222 4157 1330 4239 qui
1372 4176 1503 4221 non
1547 4176 1622 4221 eo
1667 4155 1895 4221 cedere
1939 4155 2264 4237 solebant,
2342 4154 2453 4219 ubi
2496 4160 2722 4219 auctae

379 4281 535 4343 opes
592 4267 855 4344 possent
914 4259 1300 4343 exspectari,
1375 4258 1521 4339 sed,
1595 4257 2042 4323 modicissimis
2102 4256 2355 4322 salariis
2420 4255 2720 4337 contenti,

379 4382 576 4427 unam
617 4362 981 4427 libertatem
1029 4360 1302 4426 docendi
1345 4361 1753 4443 expetebant.
1826 4359 2027 4441 Igitur
2067 4365 2242 4425 recte
2281 4357 2510 4424 fecisse
2551 4357 2725 4424 vide-

2242 4461 2272 4510 5
2289 4458 2319 4492 *
