3499 5219
1683 465 1815 549 -Γ-
1909 433 2029 494 150
2122 465 2250 471 -—-

794 608 864 667 ut
920 621 1037 684 per
1089 607 1379 665 catervas
1436 601 1738 664 iuvenum
1796 607 2055 681 proruat
2124 596 2468 663 furibunda
2539 604 2840 680 tanquam
2916 600 3148 664 leaena

796 703 1226 784 dilectumque
1286 721 1327 766 a
1392 719 1463 765 se
1517 720 1784 783 puerum
1839 702 1905 765 vi
1959 699 2245 783 recipiat.
2346 697 2517 778 Quid
2589 706 2804 765 autem
2860 700 3145 783 Pyrrhus

794 825 989 887 quum
1042 796 1163 868 hoc
1217 801 1425 867 vidit?
1510 801 1740 884 Fugiet
1797 802 2016 885 paullo
2073 808 2249 884 post,
2307 800 2514 882 inquit
2568 808 2792 883 poeta,
2859 800 3143 867 inaudax

797 905 959 971 dura
1027 904 1276 988 proelia
1348 903 1725 987 deseretque
1794 911 2048 986 raptum
2119 903 2435 971 iuvenem.
2537 900 2706 980 Quid
2761 902 3143 968 Nearchus?

796 1007 1058 1072 Iuvenis
1113 1005 1605 1072 formosissimus
1664 1006 1773 1088 qui
1828 1004 1970 1089 rapi
2017 1003 2216 1075 ‚modo
2266 1024 2338 1070 se
2380 1024 2608 1087 passus
2651 1011 2748 1069 est
2790 1024 2832 1068 a
2874 1003 3141 1087 Pyrrhe,

699 1172 718 1183 ,
796 1129 966 1174 nunc
1022 1108 1262 1170 arbiter
1307 1128 1558 1192 pezynae
1615 1108 1732 1173 sub
1793 1106 1966 1172 nudo
2024 1104 2192 1191 pede
2249 1106 2542 1190 posuisse
2597 1105 2795 1171 fertur
2836 1106 3140 1189 palmam,

795 1209 1101 1275 victoriae
1158 1211 1431 1293 signum.
1518 1209 1789 1275 Femina
1845 1209 2039 1291 igitur
2094 1228 2460 1291 quanquam
2503 1207 2748 1291 Pyrrho
2803 1207 3022 1290 fugato
3081 1214 3145 1273 et

795 1332 991 1376 manu
1047 1312 1349 1377 iuvenum
1404 1317 1737 1395 perrupta,
1812 1330 1898 1376 ne
1966 1317 2100 1376 tum
2156 1309 2415 1392 quidem
2470 1309 2938 1393 adipisciscitur
2993 1308 3160 1394 ado·¹

796 1414 1161 1494 lescentem‚
1206 1413 1322 1478 sed
1364 1413 1506 1496 ipse
1547 1412 1660 1478 ille
1701 1411 1950 1477 catulus
1991 1412 2262 1477 leaenae
2306 1410 2683 1477 diiudicabit
2723 1417 2932 1476 utrum
2975 1411 3138 1475 victo

794 1516 1157 1598 ignavoque
1213 1515 1460 1599 Pyrrho
1493 1564 1500 1573 .
1530 1534 1601 1580 se
1663 1512 1880 1578 tradat
1943 1532 2030 1577 an
2085 1512 2331 1577 victrici
2383 1512 2661 1597 puellae.
2759 1513 2938 1579 Haec
3011 1518 3138 1576 tam

795 1616 1096 1682 videntur
1150 1618 1371 1700 inepta
1419 1636 1561 1682 esse
1603 1622 1674 1680 ut
1718 1615 1801 1681 de
1841 1622 2218 1697 argumento
2261 1614 2448 1680 huius
2490 1615 2789 1680 carminis
2830 1615 3137 1678 amatorio

794 1738 983 1784 nemo
1039 1718 1228 1785 facile
1283 1719 1485 1801 possit
1541 1717 1843 1801 cogitare.
1932 1716 2170 1783 Contra
2210 1716 2714 1799 „allegoricum“
2771 1735 2917 1782 esse
2959 1736 3141 1798 argu-

794 1827 1078 1886 mentum
1134 1826 1522 1902 cognoverat
1574 1820 1741 1885 Acro
1813 1818 1930 1885 sed
2001 1818 2132 1885 tale
2195 1824 2264 1884 ut
2329 1817 2646 1885 difficilius
2712 1817 2905 1884 etiam
2977 1825 3142 1884 esset

794 1922 1158 2007 intelligere
1201 1920 1355 2005 quid
1400 1921 1524 1986 sibi
1566 1921 1857 1986 voluerit.
1946 1920 2253 2003 Loquitur
2302 1920 2473 1987 enim
2519 1919 2602 1987 de
2644 1920 2939 1986 Nearcho
2996 1940 3140 2002 quo·

796 2024 947 2089 dam
1007 2024 1219 2106 equite
1276 2042 1569 2103 romane,
1631 2042 1820 2104 quem
1863 2022 2146 2106 Pyrrhus
2189 2023 2458 2105 Epirota
2511 2022 2788 2088 tenuerit
2845 2020 3138 2102 Tarenti3

796 2133 862 2189 et
903 2132 1096 2191 antea
1138 2124 1225 2191 ad
1266 2145 1326 2188 v.
1360 2129 1399 2187 2
1446 2123 1728 2190 dixerat:
1774 2124 2000 2206 „Facit
2028 2130 2241 2189 autem
2270 2124 2566 2190 leaenam
2595 2124 2817 2190 urbem
2846 2125 3132 2204 Romam,

796 2228 1041 2291 catulos
1086 2227 1221 2292 eius
1263 2227 1436 2291 urbis
1480 2225 1869 2309 principes.“
1954 2227 2093 2308 Ego
2148 2226 2280 2290 alia
2324 2226 2540 2290 omnia
2581 2245 2737 2291 vera
2779 2245 2921 2291 esse
2965 2233 3137 2309 puto.

797 2329 1046 2411 Nempe
1091 2335 1187 2393 est
1228 2335 1667 2410 argumentum
1712 2327 1904 2393 civile
1959 2327 2045 2392 ad
2099 2326 2558 2410 rempublicam
2615 2347 2949 2392 romanam
3005 2348 3142 2410 per-

795 2431 1008 2496 tinens
1052 2431 1483 2513 scriptumque
1527 2431 1694 2494 circa
1734 2449 1976 2494 annum
2015 2428 2436 2494 DCCXXIII.
2469 2430 2545 2494 V.
2579 2428 2647 2494 C.
2696 2433 2778 2508 (a.
2811 2427 2957 2494 chr.
2992 2434 3137 2511 32),

797 2552 920 2614 quo
981 2530 1050 2596 C.
1108 2530 1344 2598 Caesar
1400 2529 1824 2613 Octavianus,
1885 2530 2045 2597 duce
2099 2531 2426 2615 Agrippa,
2485 2531 2691 2597 classe
2748 2530 2833 2595 ad
2889 2531 3140 2596 Actium

797 2635 1041 2698 vicerat
1083 2634 1167 2710 M.
1212 2633 1580 2698 Antonium.
1675 2633 1970 2696 Leaenae
2026 2634 2197 2699 enim
2254 2635 2449 2696 catuli
2497 2653 2615 2699 nos
2672 2634 2869 2717 plane
2923 2633 3142 2699 iubent

798 2735 1119 2801 reminisci
1169 2734 1482 2800 notissimi
1525 2734 1698 2800 illius
1743 2734 1897 2800 dicti
1941 2736 2297 2818 allegorici,
2358 2735 2530 2818 quod
2584 2735 2667 2801 ab
2711 2735 3141 2818 Aristophane

798 2838 951 2902 olim
996 2837 1298 2902 tributum
1341 2836 1664 2920 Aeschylo
1709 2837 1872 2902 Ran.
1925 2841 2105 2902 1430.

1233 3002 1304 3065 οὐ
1342 3003 1467 3085 χρὴ
1514 3004 1754 3077 λέοντος
1797 3002 2065 3084 σκύμνον
2107 3006 2171 3067 ἐν
2212 3002 2380 3067 πόλει
2427 3005 2697 3087 τρέφειν·

1233 3087 1308 3169 ἢν
1351 3086 1406 3150 δ’
1453 3092 1729 3173 ἐκτραφῇ
1775 3113 1867 3163 τις
1910 3098 2037 3162 τοῖς
2080 3088 2329 3171 τρόποις
2371 3088 2711 3171 ὑπηρετεῖν,

799 3266 1026 3345 postea
1052 3260 1122 3324 in
1151 3259 1621 3342 proverbialem
1651 3260 1836 3342 quasi
1865 3260 2250 3325 locutionem
2279 3261 2456 3325 abiit.
2505 3259 2596 3325 Cf.
2621 3261 2788 3325 Plut.
2805 3261 3013 3326 Alcib.
3044 3265 3135 3342 16,

800 3360 1014 3426 Valer.
1046 3361 1214 3425 Max.
1247 3360 1391 3442 VII,
1434 3364 1491 3424 2.
1527 3364 1584 3424 7.
1671 3358 1859 3438 Quod
1905 3360 2141 3426 dictum
2185 3382 2328 3427 cum
2369 3363 2453 3427 ab
2499 3363 2792 3428 omnibus
2839 3362 3136 3445 deinceps

798 3463 1265 3545 intelligeretur
1310 3461 1392 3526 de
1435 3461 1847 3528 adolescente
1888 3463 2057 3529 inter
2099 3464 2271 3529 cives
2316 3484 2463 3530 suos
2506 3464 2777 3547 vafritie,
2823 3471 3139 3529 contuma-

800 3565 901 3629 cia
946 3571 1010 3630 et
1055 3562 1430 3629 dominandi
1471 3562 1741 3629 libidine
1783 3564 2021 3647 insigni
2064 3566 2203 3647 quis
2243 3565 2462 3630 credat
2491 3566 2823 3631 Horatium
2852 3566 2944 3631 sic
2977 3586 3140 3631 nunc

800 3665 1043 3730 dixisse
1101 3685 1366 3748 puerum
1422 3665 1743 3747 quendam
1803 3665 2144 3732 delicatum
2199 3668 2386 3731 simul
2431 3667 2514 3732 ab
2559 3668 2689 3732 alio
2733 3667 3139 3734 adolescente

800 3774 866 3833 et
909 3786 950 3831 a
992 3767 1268 3849 quadam
1313 3768 1534 3848 puella
1574 3767 1991 3833 adamatum?
2078 3769 2279 3833 Immo
2335 3789 2488 3833 vero
2543 3769 2803 3835 nomine
2845 3770 3136 3850 Nearchi,

798 3869 841 3933 i.
889 3887 943 3933 e.
1004 3869 1219 3929 elassis
1274 3867 1618 3953 praefecti,
1692 3875 1858 3935 tecte
1916 3870 2266 3949 (Navarchi
2321 3871 2493 3935 enim
2545 3872 2805 3937 nomine
2858 3891 2991 3935 non
3049 3871 3139 3936 usi

800 3976 950 4035 sunt
980 3969 1232 4047 Graeci)
1277 3969 1582 4035 iudicavit
1610 3969 2052 4053 Octavianum,
2097 3972 2327 4056 Pyrrhi
2355 3972 2614 4038 nomine
2644 3973 2727 4038 M.
2759 3973 3135 4055 Antonium3

799 4071 920 4138 sub
965 4071 1242 4138 Gaetula
1294 4071 1527 4138 leaena
1568 4072 1889 4138 intellexit
1930 4093 2234 4157 generum
2280 4072 2618 4139 Octaviani
2659 4074 2743 4140 M.
2787 4075 3136 4158 Agrippam

801 4174 1024 4252 (Suet.u
1046 4173 1210 4255 Aug.
1257 4177 1384 4250 42.)
1401 4221 1417 4254 ‚
1480 4174 1587 4256 qui
1630 4175 1962 4260 victoriam
2005 4176 2303 4241 navalem
2352 4174 2439 4240 ad
2480 4176 2733 4241 Actium
2775 4176 3138 4242 fortitudine

798 4295 915 4341 sua
973 4276 1342 4359 reportavit.
1444 4275 1760 4359 Pyrrhum
1818 4276 1980 4341 dixit
2035 4277 2385 4342 Antonium
2442 4278 2484 4342 i.
2530 4298 2585 4344 e.
2645 4278 2912 4359 flavum,
2973 4277 3137 4361 quod

784 4383 864 4443 et
921 4377 1061 4461 ipse
1120 4377 1271 4443 olim
1331 4377 1648 4443 Antonius
1706 4378 2026 4443 Bacchum
2083 4398 2153 4443 se
2212 4378 2338 4443 dici
2395 4378 2667 4446 iusserat
2734 4379 2936 4460 (Cass.
2996 4380 3133 4446 Dio.
