3499 5219
1705 397 2264 461 ——234—

821 569 991 635 enim
1033 572 1251 632 auctor
1295 563 1534 631 dixisse
1575 564 1827 630 videtur
1868 563 2253 648 Aeschylum
2297 583 2411 648 pro
2454 566 2745 648 neglecto
2787 566 2856 630 in
2899 564 3135 650 drama·
3204 602 3213 607 -

819 669 904 735 tis
954 667 1198 753 pudore
1251 674 1517 734 mortem
1572 666 1799 732 mereri
1856 659 2129 734 similem
2182 667 2319 733 eius
2375 688 2564 751 quam
2619 685 2850 750 graeco
2893 667 3135 733 cuidam

819 771 999 838 heroi
1029 772 1169 854 ipse
1202 768 1530 834 minitatus
1571 774 1711 833 erat
1752 767 1820 832 in
1866 767 2173 834 dramate.
2246 769 2481 835 Notum
2525 775 2623 836 est
2663 777 2877 835 autem
2920 771 3136 853 poesin

821 871 1229 956 aeschyleam
1257 870 1492 936 multos
1520 869 1823 935 habuisse
1850 868 2273 936 adversarios.
2344 870 2422 936 V.
2452 871 2776 956 Aristoph.
2807 873 2968 936 Ran.
3001 876 3135 938 820.

824 967 977 1037 οὐδέ
1019 969 1138 1055 γὰρ
1177 965 1571 1053 Ἀθηναίοις
1614 969 1983 1055 ξυνέβαινεν
2026 966 2382 1053 Αἰσχύλος.
2473 971 2659 1039 Certe
2706 971 2844 1037 no'n*
2882 993 2964 1039 ex
3007 993 3140 1039 ora·

820 1076 966 1140 culo
1008 1074 1276 1158 petitum
1319 1080 1457 1139 erat
1499 1071 1662 1138 illud
1718 1066 2024 1156 οὐράνιον
2066 1063 2258 1156 βέλος
2300 1071 2376 1140 σὲ
2417 1077 2836 1151 navam-avet,
2897 1073 3014 1141 sed
3054 1074 3142 1139 sic

818 1177 1088 1242 fortasse
1140 1176 1209 1242 in
1252 1176 1709 1260 epigrammate
1761 1175 2236 1258 concinnatum,
2293 1182 2363 1240 ut
2417 1176 2780 1257 ambiguam
2836 1174 3143 1257 significa-

819 1278 1058 1343 tionem
1127 1277 1422 1343 vocabuli
1478 1269 1783 1357 οὐράνιον
1852 1276 2181 1359 retineret,
2255 1276 2428 1344 unde
2480 1279 2803 1343 oraculum
2870 1277 2938 1341 id
3003 1295 3143 1342 esse

819 1380 1074 1445 fuerunt
1115 1379 1224 1463 qui
1266 1377 1748 1445 concluderent:
2959 1385 2962 1389 ’

1123 1525 1278 1592 ἄνθ’
1325 1515 1411 1592 ὧν
1453 1524 1740 1611 οὐράνιόν
1780 1553 1837 1591 τι
1879 1527 2061 1609 βέλος
2103 1528 2171 1592 σε’
2213 1536 2583 1591 κατακτανεῖ
2617 1525 2821 1591 αὐτόν.

988 1682 1118 1749 Sed
1159 1684 1397 1749 oraculi
1425 1683 1530 1749 vel
1574 1685 1802 1749 saltem
1843 1683 2128 1748 vaticinii
2170 1703 2483 1748 rumorem
2528 1684 2721 1748 etiam
2749 1682 2836 1747 ad
2862 1683 3140 1748 Plinium

817 1784 1187 1870 pervenisse
1227 1786 1371 1868 ipsa
1414 1784 1549 1851 eius
1577 1785 1776 1849 verba
1803 1790 2131 1850 testantur.
2196 1786 2427 1853 Scribit
2455 1784 2625 1850 enim
2653 1785 2776 1850 ita:
2820 1784 3138 1869 [πρωτίστη

818 1897 917 1949 est
953 1888 1015 1949 ei
1056 1886 1432 1969 (aquilarum
1490 1886 1742 1951 cuidam
1785 1887 2029 1971 generi)
2116 1887 2448 1950 testudines
2489 1896 2709 1971 raptas
2760 1886 3064 1970 frangere
3106 1908 3143 1947 e

816 1988 1064 2050 sublimi
1102 1988 1379 2050 :finiendo
1393 2011 1415 2049 .·
1472 2008 1629 2071 quae
1668 2009 1811 2051 sors
1851 1990 2167 2051 inter-mit
2195 1998 2447 2073 poetam
2489 1989 2862 2073 Aeschylum
2881 2036 2898 2063 ,
2951 2009 3142 2073 prae·

819 2090 1042 2152 dictam
1067 2089 1292 2171 factis,
1339 2099 1410 2151 ut
1427 2089 1679 2172 serunt,
1737 2092 1870 2152 eius
1911 2091 2039 2152 diez·
2088 2092 2332 2153 ruinam
2373 2112 2595 2153 secura
2649 2092 2808 2153 caeli
2840 2089 2981 2174 fide
3036 2111 3142 2152 ca-

817 2200 1068 2254 ventem.
1158 2190 1297 2256 Hoc
1339 2198 1549 2257 autem
1591 2191 1961 2257 vaticinium
2004 2193 2199 2275 longe
2241 2192 2452 2259 differt
2494 2193 2577 2258 ab
2622 2212 2717 2275 eo,
2765 2191 2936 2274 quod
2977 2211 3139 2256 com-

819 2299 1284 2359 memoraverat
1338 2299 1557 2357 auctor
1626 2294 1802 2359 vitae
1855 2294 2181 2377 Aeschyli.
2280 2295 2381 2360 Ex
2443 2293 2635 2359 Plinii
2705 2294 2875 2360 enim
2931 2293 3141 2359 verbis

818 2393 1119 2460 discimus
1162 2395 1553 2477 praedictam
1596 2394 1902 2479 Aeschyli
1943 2402 2211 2461 mortem
2267 2395 2459 2461 fuisse
2502 2415 2618 2478 per
2657 2395 2907 2460 ruinam
2952 2405 3136 2458 testu-

818 2496 980 2559 dinis
1049 2506 1511 2558 concameratae
1580 2496 1805 2562 domus
1861 2497 2006 2576 (hoc
2061 2497 2256 2563 verbo
2309 2494 2591 2583 χελώνης
2644 2497 2766 2562 hac
2823 2496 3139 2563 sententia

818 2618 969 2664 vere
1025 2618 1174 2663 usus
1232 2603 1328 2663 est
1381 2603 1591 2680 vates,
1650 2618 1782 2663 non
1825 2590 2107 2683 οὖρανίῳ
2149 2597 2356 2682 βέλει,
2404 2621 2526 2684 quo
2570 2599 2863 2666 omnibus
2887 2598 3137 2682 fulmen

817 2698 1304 2783 intelligendum
1349 2706 1504 2777 erat,
1552 2707 1621 2784 ut
1661 2700 1729 2765 in
1761 2702 2219 2784 epigrammate
2259 2702 2495 2767 factum
2540 2709 2655 2785 est,
2702 2702 2783 2767 de
2814 2722 2936 2784 quo
2982 2701 3138 2766 dixi-

818 2805 980 2878 mus)
1026 2823 1215 2885 quam
1260 2808 1492 2868 sortem
1538 2803 1885 2870 evitaturus
1929 2821 2004 2868 eo
2053 2802 2158 2869 die
2200 2804 2306 2887 qui
2361 2803 2723 2887 praedictus
2781 2812 2918 2870 erat
2973 2804 3138 2870 foras

821 2903 901 2968 de
942 2902 1275 2987 industria,
1320 2925 1452 2969 non
1493 2905 1767 2986 fortuito,
1827 2905 2212 2988 migraverat
2252 2905 2629 2989 Aeschylus.
2716 2906 2847 2972 Sed
2904 2913 2967 2971 et
3020 2906 3139 2972 hoc

816 3005 1184 3070 vaticinium
1226 3013 1451 3095 postea
1496 3006 1749 3072 demum
1792 3006 2043 3071 videtur
2086 3007 2511 3089 excogitatum
2555 3028 2696 3074 esse
2740 3009 2823 3074 ab
2867 3009 2975 3090 iis,
3033 3010 3138 3092 qui

815 3106 1181 3190 apotheosis
1210 3108 1737 3191 significationem
1779 3108 1848 3172 in
1877 3108 2168 3191 sepulcro
2196 3108 2501 3192 Aeschyli
2530 3129 2659 3174 non
2688 3109 3135 3192 intelligerent.

815 3209 991 3274 Nihil
1055 3209 1313 3274 omnino
1371 3209 1453 3275 de
1508 3210 1764 3275 oraculo
1820 3209 2071 3275 videtur
2127 3216 2514 3294 compertum
2568 3211 2870 3276 habuisse
2925 3213 2980 3277 is
3034 3212 3137 3295 qui

816 3312 947 3376 tale
1005 3307 1398 3394 epigramma
1454 3310 1738 3377 subdidit
1790 3318 2037 3376 mortuo
2080 3310 2436 3399 Aeschylo:
2492 3310 2711 3376 αἰετοῦ
2769 3309 2842 3390 ἐξ
2897 3308 3134 3394 ὀνύχων

733 3405 744 3413 ’
815 3408 1044 3487 τυπεὶς
1110 3410 1372 3477 ἔθανον.
1460 3413 1797 3495 Reliquum
1853 3419 1949 3479 est
2003 3419 2073 3477 ut
2129 3412 2211 3478 de
2265 3433 2341 3479 eo
2397 3413 2604 3483 dicam
2657 3414 2826 3497 quod
2870 3414 3135 3480 Sotades

817 3520 879 3579 et
908 3514 1215 3579 Aelianus
1246 3513 1328 3579 de
1357 3513 1677 3599 Aeschylo
1720 3513 2139 3580 tradiderunt.
2205 3513 2484 3596 Quorum
2527 3515 2692 3581 alter
2732 3522 3134 3608 narraverat:

1261 3659 1561 3750 Αἰσχύλῳ
1600 3676 1685 3747 γρ
1702 3660 1741 3726 α’
1760 3687 1806 3748 φ
1825 3688 1855 3726 o
1871 3690 1952 3728 ντ
1966 3690 1985 3726 ι
2030 3664 2396 3730 ἔπιπέπτωκε
2431 3663 2688 3746 χελώνη,

816 3818 979 3882 alter
1048 3836 1232 3882 vero:
1309 3810 1343 3880 ὅ
1398 3815 1516 3898 μὲν
1572 3816 1910 3898 Αἰσχύλος
1980 3815 2097 3885 ἐπί
2152 3841 2331 3895 τινος
2400 3824 2645 3900 πέτρας
2701 3823 2999 3904 καθῆστο
3052 3820 3136 3886 τὰ

818 3917 1167 3998 εἰθισμένα
1198 3915 1415 4004 δήπου
1447 3918 1842 4004 φιλοσοφῶν
1872 3922 1977 3984 καὶ
2010 3919 2339 4005 γράφων
2369 3924 2551 4005 quasi
2581 3923 2698 3988 sub
2731 3923 2835 3988 dio
2865 3924 3136 3990 scribere

814 4019 1039 4086 solitus
1080 4018 1303 4085 fuisset
1343 4021 1718 4105 Aeschylus.
1784 4023 1861 4087 In
1905 4022 2162 4089 Sotadis
2190 4023 2506 4089 versiculo
2548 4024 2955 4090 scribendum
2999 4044 3137 4092 esse

813 4121 1066 4187 videtur
1106 4118 1426 4203 γράφοντι
1455 4127 2004 4188 κατεπιπέπτωκε
2031 4122 2313 4209 χελώνη,-
2355 4147 2506 4190 nam
2536 4126 2705 4209 quod
2734 4126 3136 4193 Hermannus

816 4226 1156 4305 (Element.
1241 4221 1435 4288 doctr.
1523 4232 1702 4291 metr.
1777 4246 1841 4308 p.
1914 4228 2082 4302 447.)
2167 4234 2584 4319 proposuerat
2666 4226 2987 4313 γράφοντί
3067 4251 3135 4293 τι

816 4325 1243 4392 ἐπιπέπτωκε
1283 4348 1361 4405 χ.,
1405 4332 1728 4410 receptum
1783 4326 1947 4393 illud
1990 4328 2184 4394 etiam
2225 4348 2266 4393 a
2307 4329 2682 4411 Welckero‚
2739 4350 2869 4395 non
2923 4331 3136 4415 placet
