3499 5219
1309 439 1445 445 ---
1532 407 1653 468 247
1743 440 1879 449 —-

419 568 670 646 θεοὺς
718 567 1110 634 διδάσκοντα
1153 570 1239 656 μὴ
1287 568 1574 654 νομίζειν
1621 570 1734 649 οὓς
1778 568 1815 657 ἡ
1864 572 2064 651 πόλις
2109 573 2390 657 νομίζει,
2423 577 2765 666 ἕτεραμᾷὲ

422 669 819 754 δαιμόνια
863 670 1073 750 καινά,
1122 681 1214 755 et,
1262 676 1370 758 qui
1413 678 1613 742 verba
1655 676 1786 742 litis
1843 676 1985 795 ipsa
2041 680 2449 763 proposuisse
2493 681 2762 800 videtur,

420 775 788 895 {enophon
850 777 1108 840 Memor.
1180 776 1231 857 Ι,
1295 782 1351 841 1.
1409 770 1448 860 ἡ
1506 777 1625 859 μὲν
1681 776 1903 866 γραφὴ
1949 773 2095 843 κατ’
2147 773 2763 868 αὗτοῦχτιοάδεῡτις

420 878 529 957 ἦν·
598 873 811 941 ἀδικεῖ
874 874 1221 963 Σωκράτης
1285 901 1398 955 ους
1467 877 1587 962 μὲν
1659 873 1698 964 ᾗ
1775 877 1974 957 πόλις
2047 881 2296 964 νομίζει
2361 879 2762 967 θςςεοὺςᾲρῇ

424 978 723 1057 νομίζων,
772 976 959 1058 έτερα
1006 978 1076 1043 δὲ
1121 978 1314 1045 καινὰ
1373 978 1769 1063 δαιμόνια
1826 979 2168 1067 εἰσφέρων.
2257 987 2469 1062 Etiam
2526 987 2765 1071 Acrjfifflf

419 1082 583 1147 teles
638 1081 824 1146 Rhet.
876 1081 1020 1162 ΙΙΙ,
1095 1086 1190 1148 18.
1265 1075 1408 1147 οἷον
1464 1081 1815 1169 Σωκράτης
1870 1083 2189 1163 Μελητου
2260 1080 2379 1149 οὗ
2375 1085 2766 1174 φάᾳκονᾶρς

423 1178 622 1246 αὐτὸν
693 1183 947 1258 θεους
1020 1183 1338 1265 νομίζειν,
1418 1183 1696 1271 εἴρηκεν,
1775 1211 1832 1251 ει
1908 1186 2349 1309 δαιμονιόν
2422 1214 2487 1266 τι
2558 1188 2758 1294 iquq

424 1280 951 1366 ὁμολογήσαντος
996 1284 1068 1350 δὲ
1111 1282 1302 1369 ἤρετο
1366 1311 1419 1352 ει
1468 1280 1583 1367 οὐχ
1639 1286 1705 1351 οἱ
1753 1288 2060 1369 δαίμονες
2103 1286 2253 1375 ἤτοι
2295 1292 2476 1355 θεῶν
2523 1291 2764 1378 uqffiqg

423 1379 552 1450 εἷεν
606 1377 650 1469 ἢ
704 1384 898 1451 θειόν
955 1411 1039 1452 τι.
1128 1388 1338 1468 Quare
1391 1386 1647 1472 prorsus
1702 1412 1834 1455 non
1890 1412 2050 1514 opus
2111 1400 2277 1475 erat,
2346 1399 2414 1468 ut
2468 1393 2765 1478 Soeratfls

418 1490 597 1573 apud
657 1490 1155 1573 Aristophanem
1225 1491 1463 1557 diceret
1529 1492 1798 1573 πρῶτον
1863 1491 1982 1573 μὲν
2048 1491 2170 1577 γὰρ
2230 1493 2307 1557 οἷ
2374 1489 2766 1597 {plerumq}

422 1593 575 1657 θεοὶ
620 1614 759 1673 παρ
814 1586 979 1675 ἱμῒν
1009 1586 1085 1656 οὗ
1116 1590 1511 1672 νομίζονται,
1558 1615 1751 1676 quum
1780 1594 1921 1677 ipso
1951 1599 2109 1659 θεοί
2135 1597 2447 1670 vocabulo
2478 1596 2767 1682 adhikmp

420 1696 806 1760 sententiam
850 1715 1031 1760 suam
1075 1696 1230 1760 satis
1277 1694 1699 1779 declarasset3
1748 1696 2067 1777 δαίμονας
2098 1697 2268 1763 enim
2304 1699 2410 1772 vel
2455 1696 2766 1783 damma&

422 1797 727 1862 Socratici
757 1797 973 1862 colunt
1004 1803 1071 1861 ut
1100 1804 1325 1879 postea
1352 1796 1493 1880 ipse
1522 1799 1945 1881 philosophus
1975 1798 2308 1866 additurus
2338 1807 2439 1874 est
2456 1804 2549 1879 ,(17.4
2575 1803 2764 1883 2544),

420 1920 551 1964 non
595 1893 799 1973 θεούς
842 1900 1160 1980 vulgares.
1221 1899 1428 1977 Quum
1459 1900 1728 1965 dixisset
1770 1901 1987 1982 igitur:
2036 1901 2183 1964 deos
2211 1903 2500 1984 vulyares
2526 1912 2768 1987 veffifm

420 2021 543 2062 non
590 2000 861 2075 colimur,
909 2000 1208 2081 ambiguo
1253 2002 1565 2066 vocabulo
1612 2007 2016 2081 νομίσματος
2060 2024 2242 2084 usus,
2290 2005 2412 2070 hoo
2435 2003 2767 2088 ita-,ingeb-

422 2103 659 2167 lexisse
690 2102 1126 2185 Strepsiadem
1155 2103 1618 2186 Aristophanes
1662 2103 1846 2168 finxit
1888 2105 2072 2186 quasi
2116 2105 2197 2170 de
2227 2105 2766 2189 pecunia‘inqgugffl

421 2225 611 2286 quam
653 2205 766 2269 ille
810 2205 1045 2286 ubique
1088 2204 1156 2268 in
1198 2206 1410 2271 animo
1457 2206 1649 2271 habet
1691 2213 1953 2289 propter
1994 2227 2106 2272 aes
2149 2207 2459 2289 alienum‚-
2493 2207 2769 2288 dixisset

421 2306 735 2372 Socrates.
827 2305 1088 2383 Quaerit
1131 2308 1324 2388 igitur
1368 2307 1579 2372 denuo
1624 2309 1717 2391 τῶ·
1762 2305 1883 2390 γὰρ
1932 2301 2196 2388 ὄμνυτ’,
2187 2337 2201 2348 ·
2260 2301 2301 2392 ἢ
2358 2306 2765 2396 σιδαρέᾳςφῃγ

423 2403 651 2490 ὥσπερ
709 2406 777 2471 ἐν
842 2406 1211 2491 Βυζαντίῳ;
1283 2428 1446 2490 quae
1501 2409 1696 2475 valde
1740 2417 1890 2476 sunt
1933 2411 2230 2491 obscura,
2279 2430 2362 2475 ne
2408 2409 2638 2488 dicam.
2634 2411 2770 2492 ab,-

420 2511 635 2576 surda
736 2510 1015 2573 Primum
1073 2510 1274 2592 enim,
1345 2511 1516 2593 quod
1579 2513 1901 2578 neminem
1967 2511 2503 2578 animadvertisse
2554 2532 2765 2611 maror,

422 2614 640 2679 dativo
683 2632 854 2677 nunc
896 2614 1088 2677 utitur
1132 2613 1537 2696 Strepsiades
1582 2636 1695 2697 pro
1741 2615 2137 2697 accusativo,
2196 2614 2302 2697 qui
2347 2614 2523 2683 solus
2565 2614 2770 2696 Legiti—

420 2738 562 2781 mus
616 2734 801 2779 casus
862 2720 989 2794 est,
1049 2735 1241 2796 quum
1284 2736 1399 2798 per
1455 2715 1609 2782 deos
1662 2717 1876 2782 iurant
1921 2716 2167 2781 Graeci.
2256 2715 2424 2783 Nam
2470 2713 2769 2796 quemad-

419 2818 679 2883 modum
739 2816 967 2880 dicitur
1022 2810 1214 2897 ὁρκον
1274 2811 1577 2897 ὀμνύναι,
1637 2821 1758 2900 sic,
1807 2839 1997 2901 quum
2041 2811 2443 2900 1ρεθὍρκος
2484 2817 2595 2891 sit
2592 2814 2768 2912 {37³3}ss

423 2928 508 3000 (v.
555 2920 817 2985 Hesiod
866 2916 983 3000 Op.
1032 2925 1095 2982 et
1124 2919 1203 2983 D.
1238 2922 1380 2982 219.
1415 2926 1477 2985 et
1520 2940 1684 3002 quae
1716 2920 1851 2984 dixi
1883 2920 1963 2984 de
1993 2921 2114 2984 hoc
2158 2920 2322 2994 loco)
2368 2919 2768 2999 accusativus

419 3030 592 3088 recte
636 3021 929 3086 adiicitur
971 3020 1247 3085 nominis
1292 3021 1738 3103 cuiuscunque,
1784 3041 1901 3105 per
1944 3040 2129 3103 quem
2173 3018 2459 3101 iuratur,
2476 3019 2768 3101 deiifflel

420 3145 551 3189 non
594 3123 817 3188 addito
862 3123 1058 3187 verbo
1104 3114 1399 3203 ὀμνύναι,
1445 3129 1513 3186 ut
1555 3122 1730 3246 apud
1775 3122 1973 3205 Soph.
2018 3123 2167 3187 Ant.
2217 3125 2358 3187 758.
2406 3115 2525 3198 οὔ,
2540 3115 2761 3202 τρνᾷ

411 3225 782 3308 Ὄλυμπον,
830 3216 986 3288 ἴσθ’
1049 3217 1155 3287 ὅτι
1206 3226 1454 3304 χαίρων
1511 3222 1636 3289 κτὲ.
1726 3224 1994 3295 Prorsus
2052 3224 2278 3289 eodem
2338 3221 2561 3295 modo
2578 3223 2770 3305 &atini

422 3335 651 3411 poetae
706 3326 960 3391 iurandi
1016 3327 1212 3391 verbo
1269 3325 1476 3390 solum
1538 3326 1970 3391 accusativum
2025 3325 2392 3391 adsciscunt
2446 3345 2565 3406 pra

421 3431 594 3494 tione
630 3449 755 3512 per
797 3449 928 3492 non
972 3428 1213 3509 addita,
1261 3428 1600 3510 scriptores
1629 3430 1696 3493 in
1727 3449 1856 3493 uno
1886 3429 2183 3510 exemplo
2219 3427 2425 3489 Iovem
2451 3425 2767 3510 Lc‘ffl‘fflss

420 3551 639 3592 narare
681 3531 723 3594 i.
770 3550 824 3595 e.
872 3550 987 3614 per
1031 3532 1250 3595 Iovem
1298 3530 1694 3609 (Feretrium)
1740 3537 1805 3596 et
1819 3533 1860 3606 ¹)
1907 3528 2220 3613 Lapidem
2266 3529 2563 3610 (silicem,
2619 3528 2765 3613 ine.

420 3634 726 3713 cultrum,
803 3651 925 3713 quo
984 3632 1323 3697 utebantur
1376 3632 1621 3714 antiqui
1677 3632 1951 3699 Romani
2009 3631 2287 3714 lapideo.
2361 3632 2540 3705 ,Eum
2595 3618 2767 3727 enirn

420 3736 488 3799 in
549 3735 788 3817 templo
844 3733 1017 3799 Iovis
1072 3733 1343 3798 Feretrii
1411 3740 1806 3799 asservatum
1863 3734 1930 3797 in
1986 3733 2242 3816 publico
2299 3731 2770 3813 Sassfifissiaffld-

425 3837 649 3902 hibere
692 3835 1029 3911 solebant).
1117 3835 1344 3899 Paullo
1400 3836 1587 3901 aliter
1638 3856 1741 3901 res
1786 3836 1981 3901 habet
2036 3833 2210 3918 apud
2255 3834 2532 3899 Graecos
2576 3854 2769 3916 quum

420 3932 516 4017 μά
573 3938 887 4021 particula
953 3957 1068 4019 pro
1125 3936 1379 4001 iurandi
1433 3939 1629 4002 verbo
1687 3938 1984 4002 adiicitur
2037 3935 2398 4001 accusativo
2455 3936 2767 4019 numinis3

420 4040 583 4105 haec
629 4039 796 4105 enim
841 4038 1158 4122 particula
1199 4059 1389 4121 quum
1438 4059 1520 4104 ex
1558 4039 1644 4123 μή
1693 4039 2081 4122 prohibitiva
2121 4036 2414 4102 videatur
2443 4036 2770 4102 decurtata

558 4277 591 4338 ¹)
643 4275 717 4325 De
768 4290 869 4326 non
921 4276 1093 4326 addita
1148 4276 1200 4325 in
1255 4277 1502 4327 eiusmodi
1557 4275 1785 4326 formulis
1834 4287 1878 4327 et
1924 4273 2176 4339 particula
2223 4272 2283 4323 V.
2336 4255 2765 4321 N-ie'ssumsffidt.

422 4361 568 4414 Rom.
602 4362 672 4412 ΙΙ.
723 4378 771 4428 p.
815 4364 927 4414 152.
2288 4392 2289 4399 1
2331 4354 2509 4417 “HOH
2562 4356 2729 4437 bum,
