3499 5219
1297 452 1430 461 --..
1518 420 1596 479 75
1687 450 1823 457 ,-

382 591 622 656 dictam
687 587 952 654 tradidit
1020 584 1368 653 secundum
1425 588 1787 657 Aristotelis
1862 591 2120 674 placita.
2209 591 2447 658 Omnes
2519 600 2735 658 tamen

380 700 822 758 antecessores
867 710 1015 756 suos
1053 691 1379 772 superavit
1407 690 1752 756 Wernerus
1781 691 2175 758 Rolfinckius
2206 695 2730 777 Hamburgensis‚

381 796 508 860 Hic
550 796 721 860 enim
766 814 841 858 eo
886 799 1171 874 tempore
1216 812 1339 873 quo
1384 793 1834 875 philosophiae
1877 814 2049 859 nova
2094 795 2513 862 fundamenta
2564 798 2734 861 iacta

383 904 571 962 erant
614 917 654 960 a
683 897 939 960 Bacone
964 894 1353 974 Verulamio,
1402 901 1737 976 postquam
1767 895 1836 958 in
1865 896 2074 977 Italia,
2125 897 2341 963 Gallia
2370 907 2435 964 et
2462 900 2736 964 Batavia

380 999 833 1064 celeberrimos
875 995 1156 1060 medicos
1222 994 1542 1076 audierat,
1618 998 1859 1079 primus
1903 997 2364 1063 Germanorum
2420 1001 2613 1065 etiam
2663 1001 2734 1065 in

378 1102 688 1182 Angliam
740 1098 1056 1181 profectus
1114 1103 1211 1161 est
1224 1144 1240 1176 ,
1316 1104 1383 1160 ut
1445 1116 1616 1161 nova
1673 1097 2003 1163 Guilielmi
2058 1100 2320 1165 Harveii
2395 1100 2737 1185 disciplina

379 1204 798 1281 imbueretur,
876 1220 1065 1281 quam
1107 1199 1380 1263 Baconis
1424 1199 1834 1281 philosophia
1883 1210 2374 1284 provocaverat,
2449 1206 2735 1270 Renatus

381 1305 707 1370 Oartesius
750 1302 1248 1367 confirmaverat.
1307 1300 1703 1365 Rolfinckius
1747 1302 1939 1382 igitur
1980 1304 2222 1384 primus
2254 1305 2423 1370 inter
2452 1305 2735 1371 medicos

383 1406 656 1486 exstitit,
732 1405 839 1486 qui
893 1403 1154 1467 Harveii
1206 1403 1472 1467 inventa
1522 1401 1896 1468 defenderet
1951 1411 2171 1468 contra
2225 1405 2734 1471 adversariorum

380 1527 635 1590 agmen,
684 1507 782 1571 cui
824 1507 966 1589 ipse
1010 1505 1324 1569 Harveius
1367 1504 1528 1569 nihil
1570 1505 2008 1588 responderat.
2082 1507 2331 1572 Primus
2362 1507 2553 1572 etiam
2594 1508 2731 1589 fuit,

383 1610 495 1691 qui
539 1610 735 1674 Ienae
779 1609 1096 1673 theatrum
1125 1608 1550 1670 anatomicum
1581 1607 1876 1689 aperiret,
1923 1614 1988 1672 et
2015 1615 2240 1690 suopte
2270 1608 2525 1690 quidem
2569 1629 2733 1680 sum-

379 1718 528 1795 ptu,
602 1710 843 1793 primus
904 1709 1012 1789 qui
1067 1708 1353 1772 chemiae
1409 1708 1716 1789 quasdam
1783 1716 1996 1791 partes
2062 1709 2235 1792 apud
2280 1730 2396 1775 nos
2457 1710 2731 1775 doceret.

382 1812 592 1891 Quam
635 1809 925 1876 inaudita
967 1816 1032 1874 et
1072 1809 1470 1875 admirabilis
1512 1809 1708 1876 Ienae
1751 1817 1885 1874 tum
1927 1810 2114 1875 fuerit
2155 1831 2260 1876 ars
2314 1811 2734 1877 secandorum

381 1914 768 1980 cadaverum
783 1962 799 1994 ,
859 1930 1049 1993 quam
1094 1911 1442 1975 introduxit
1485 1911 1880 1977 Rolfinckius
1895 1960 1912 1994 ,
1973 1931 2054 1977 ex
2097 1932 2173 1978 eo
2217 1921 2516 1996 apparet,
2562 1913 2734 1996 quod

380 2018 613 2099 volgus
656 2016 928 2081 Ienense
969 2014 1138 2078 hanc
1166 2020 1368 2078 artem
1412 2013 1747 2078 dictitabat
1789 2013 2305 2079 rolfincationcm.
2373 2015 2583 2080 Vnum
2627 2015 2734 2080 hic

383 2118 625 2183 addere
679 2116 898 2181 licebit
941 2114 1111 2197 quod
1166 2135 1297 2180 non
1339 2115 1423 2179 ad
1467 2122 1669 2181 artem
1723 2116 2038 2180 medicam
2080 2117 2203 2181 viri
2254 2117 2560 2199 pertinet,
2617 2116 2734 2182 sed

382 2220 784 2303 aptissimum
843 2224 939 2283 est
994 2216 1081 2282 ad
1135 2218 1575 2291 auctoritatem
1632 2238 1759 2299 qua
1822 2217 2147 2282 fruebatur
2202 2217 2396 2307 apud,
2439 2226 2731 2284 senatum

385 2321 818 2388 universitatis
887 2319 1468 2385 demonstrandam.
1566 2319 1714 2383 Fuit
1779 2325 1913 2382 tum
1968 2318 2141 2401 apud
2196 2339 2314 2384 nos
2378 2319 2733 2384 studiorum

385 2444 581 2489 causa
624 2421 770 2489 Otto
817 2421 1195 2488 Guilielmus
1241 2441 1452 2486 comes
1496 2441 1536 2485 a
1578 2421 2122 2503 Koenigsmarck,
2169 2421 2268 2484 vir
2309 2421 2509 2486 latine
2552 2441 2731 2504 grae-

384 2545 583 2608 ceque
629 2524 1050 2589 doctissimus.
1109 2523 1232 2602 Qui
1276 2544 1468 2605 quum
1511 2524 1842 2588 familiaris
1873 2529 2041 2588 esset
2070 2521 2414 2587 Rolfinckii
2442 2524 2563 2588 hoc
2593 2525 2730 2588 solo

380 2635 641 2693 auctore
669 2648 710 2691 a
737 2633 963 2692 senatu
1006 2633 1254 2692 creatus
1299 2633 1397 2692 est
1434 2627 1663 2691 Rector
1704 2626 1893 2692 huius
1935 2626 2386 2708 universitatis,
2432 2646 2555 2707 quo
2599 2647 2732 2690 mu·

383 2750 539 2795 nere
596 2750 713 2812 per
774 2735 903 2793 tres
965 2728 1098 2794 fere
1156 2747 1360 2792 annos
1424 2727 1676 2792 functus
1734 2733 1848 2792 est.
1936 2727 2057 2791 Hic
2112 2727 2224 2792 ille
2280 2734 2376 2792 est
2420 2727 2733 2809 Koenigs-

385 2831 728 2911 marckius,
775 2831 902 2912 qui,
948 2850 1140 2911 quum
1185 2837 1409 2912 postea
1437 2830 1520 2893 ab
1553 2829 1941 2893 Venetorum
1984 2829 2314 2911 republica
2342 2828 2729 2893 exercituum

383 2934 729 3016 imperator
773 2932 1008 2997 electus
1052 2938 1222 2995 esset
1263 2950 1405 2995 cum
1448 2932 1787 3012 Morosino,
1833 2931 2188 3012 missusque
2228 2950 2369 2994 cum
2414 2931 2621 2995 classe
2661 2930 2731 2994 in

389 3034 722 3100 Graeciam
767 3024 988 3097 co‘ntra
1028 3035 1271 3097 'Furcas
1285 3081 1301 3114 ,
1348 3051 1560 3096 arcem
1601 3032 1998 3097 Athenarum
2013 3081 2029 3114 ,
2078 3052 2201 3113 quo
2232 3034 2479 3096 'Furcae
2520 3051 2591 3096 se
2636 3051 2729 3096 re-

385 3142 718 3219 ceperant,
765 3134 1268 3199 circumvallavit
1310 3134 1766 3215 tormentisque
1820 3134 1914 3198 ita
1955 3134 2431 3215 conquassavit,
2479 3139 2547 3197 ut
2590 3153 2731 3216 pro-

385 3241 648 3323 pylaea,
708 3237 1028 3301 Victoriae
1084 3235 1339 3317 aedem,
1401 3237 1834 3318 templumque
1877 3236 2204 3300 Minervae
2248 3234 2731 3299 celeberrimum

384 3339 783 3423 irreparabili
824 3339 1011 3402 ruina
1052 3337 1495 3420 confringeret.
1583 3338 1718 3419 Ipsi
1772 3338 1929 3401 mihi
1973 3357 2162 3418 quum
2208 3336 2478 3401 Athenis
2522 3356 2728 3402 essem

386 3442 651 3524 contigit
692 3440 963 3522 vestigia
1005 3440 1421 3522 contemplari
1474 3440 1879 3520 lectulorum,
1939 3439 2302 3503 etiamnunc
2354 3437 2609 3503 residua
2662 3438 2729 3501 in

386 3545 619 3629 Pnycis
650 3543 833 3624 colle,
881 3562 1037 3623 quos
1081 3542 1411 3607 tormentis
1456 3542 1587 3606 suis
1633 3541 2065 3605 substraverat
2106 3547 2312 3605 rector
2340 3546 2574 3620 noster,
2622 3540 2730 3621 qui

386 3645 750 3712 necessitati
807 3643 1058 3708 cuidam
1113 3643 1541 3724 Morosinique
1596 3643 1784 3707 iussis
1839 3641 2091 3708 videtur
2151 3641 2469 3724 paruisse,
2537 3662 2729 3724 quum

386 3747 705 3812 Phidiana
747 3765 943 3829 opera
984 3752 1411 3827 corrumperet
1449 3745 1703 3809 invitus

555 3850 767 3930 Atque
810 3846 1321 3912 Rolfinckianam
1368 3846 1718 3911 doctrinam
1780 3844 1858 3909 de
1902 3845 2348 3927 coniungenda
2410 3846 2729 3911 medicina

388 3970 530 4015 cum
559 3949 808 4015 chemia
838 3956 1062 4031 postea
1089 3947 1264 4030 apud
1292 3968 1411 4012 nos
1442 3949 1854 4013 excoluerunt
1882 3947 2153 4029 primum
2186 3946 2498 4029 Georgius
2530 3947 2726 4012 Wolf-

387 4070 634 4134 gangus
676 4050 1039 4130 Wedelius,
1107 4050 1284 4114 cuius
1338 4049 1642 4114 audiendi
1701 4068 1895 4112 causa
1947 4048 2170 4112 Ienam
2214 4049 2393 4113 venit
2451 4050 2728 4113 Ioannes

390 4152 784 4218 Christianus
829 4152 1262 4233 Guentherus,
1330 4152 1596 4217 Silesius
1653 4157 1845 4234 poeta
1900 4151 2076 4215 cuius
2129 4151 2498 4216 memoriam
2555 4149 2729 4233 apud

389 4253 746 4319 Germanos
789 4255 1062 4336 primum
1105 4254 1379 4318 restituit
1425 4253 1764 4337 Goethius3
1811 4251 2046 4317 deinde
2076 4252 2476 4317 Guentherus
2510 4251 2726 4317 Schel-

388 4356 682 4422 hamerus
712 4361 776 4421 et
805 4354 1114 4437 Georgius
1158 4354 1483 4420 Erhardus
1522 4354 2009 4437 Hambergerus,
2056 4355 2162 4435 qui
2205 4353 2552 4419 secundum
2582 4352 2731 4419 Oar-
