3499 5219
599 1560 717 1622 DE
786 1557 1238 1623 SVG-GESTV
1301 1555 1772 1621 ORATORVM
1826 1502 2492 1623 AThENIENSIVM
2549 1558 2606 1622 A

933 1675 1589 1741 TRIGINTAVIRIS
1650 1673 1833 1740 NON
1891 1675 2268 1741 MVTATO.

599 1879 861 1944 Constat
917 1880 1160 1945 Frider.
1209 1879 1328 1942 Th.
1374 1879 1787 1944 Welekerum
1846 1879 2121 1962 primum
2179 1880 2246 1942 in
2305 1879 2775 1944 commentariis

426 1980 627 2045 Aead.
686 1982 1066 2047 Borussic-ae
1122 1981 1277 2045 anni
1330 1979 1772 2062 MDOOOLH,
1848 1988 2073 2064 postea
2136 1981 2204 2044 in
2263 1982 2483 2046 Museo
2547 1981 2771 2063 philol.

426 2082 742 2146 Rhenano
787 2105 844 2148 a.
891 2081 1344 2147 MDOOOLVI.
1391 2084 1466 2144 Τ.
1512 2083 1596 2145 Χ.
1643 2104 1705 2164 p.
1741 2086 1820 2146 30
1854 2102 1946 2163 sq.
1996 2088 2057 2146 et
2101 2103 2162 2164 p.
2198 2085 2313 2145 591
2353 2103 2444 2164 sq.
2492 2082 2774 2148 studiose

426 2184 794 2266 fortiterque
856 2184 1276 2249 defensitasse
1332 2184 1714 2248 sententiam
1773 2184 1834 2247 b.
1888 2183 2223 2264 Vlriehsii‚
2300 2185 2406 2264 qui
2462 2185 2774 2249 immanes

425 2286 807 2368 parietinas,
869 2307 1032 2368 quae
1078 2287 1443 2351 etiamnunc
1487 2287 1860 2368 superstites
1906 2292 2052 2348 sunt
2095 2285 2412 2366 Athenis,·
2455 2285 2629 2348 haud
2684 2287 2775 2349 ita

424 2388 617 2468 longe
661 2388 743 2451 ab
789 2388 1085 2471 Aeropoli
1136 2394 1198 2452 et
1242 2387 1600 2469 Areopag0,
1647 2407 1796 2467 non,
1851 2392 1920 2449 ut
1963 2388 2154 2468 volgo
2200 2386 2493 2468 ereditur,
2538 2388 2775 2470 Pnyeis

426 2489 576 2552 olim
649 2488 844 2554 fuisse
902 2482 1100 2573 Septa
1162 2489 1462 2572 putabat,
1536 2489 1603 2552 in
1677 2488 1907 2569 quibus
1962 2489 2450 2553 Atheniensium
2519 2488 2775 2552 comitia

423 2590 795 2672 habebatur,
844 2590 960 2657 sed
1004 2591 1177 2656 Iovis
1222 2588 1463 2674 Optimi
1491 2590 1776 2672 Maximi,
1819 2584 2134 2667 Ὑψίστου
2155 2592 2216 2672 ¹),
2264 2612 2483 2657 aream
2526 2612 2774 2657 sacram

425 2713 567 2756 eum
611 2715 726 2756 ara
766 2694 1069 2756 maxima.
1149 2693 1287 2756 Hoe
1330 2698 1400 2755 ut
1442 2711 1664 2755 verum
1710 2712 1852 2757 esse
1898 2693 2363 2757 demonstraret
2405 2694 2503 2757 vir
2547 2694 2773 2758 doetis-

424 2794 620 2858 simus
677 2795 845 2858 inter
903 2795 1031 2858 alia
1086 2814 1236 2857 usus
1295 2800 1391 2857 est
1446 2793 1809 2857 testimonio
1869 2793 2145 2874 quodam
2199 2795 2526 2858 Plutarchi
2584 2796 2774 2875 (The-

423 2895 590 2959 mist.
646 2898 786 2976 19.)‚
836 2894 1004 2977 quod
1050 2896 1140 2959 sie
1182 2894 1411 2958 habet:

598 2996 1047 3080 Θεμιστοκλῆς
1104 2989 1169 3060 δ’
1236 2990 1381 3076 οὐχ,
1456 2988 1544 3069 ὥς
1591 2986 2084 3079 Ἀριστοφάνης
2145 2988 2180 3057 ὃ
2238 2991 2523 3075 κωμικὸς
2579 2994 2771 3076 λέγει,

422 3098 500 3182 τῇ
547 3094 744 3162 πόλει
789 3096 905 3161 τὸν
951 3099 1244 3183 Πειραιᾶ
1288 3094 1712 3178 προςέμαξεν,
1776 3090 1942 3158 ἀλλὰ
1999 3094 2114 3179 τὴν
2158 3093 2358 3159 πόλιν
2407 3094 2611 3179 ἐξῆψε
2652 3098 2769 3159 τοῦ

422 3200 760 3280 Πειραιῶς
816 3201 923 3263 καὶ
980 3198 1095 3283 τὴν
1140 3201 1255 3284 γῆν
1299 3199 1419 3285 τῆς
1461 3194 1829 3280 θαλάσσης.
1892 3193 1927 3260 ὃ
1971 3199 2076 3260 καὶ
2123 3195 2236 3259 τὸν
2284 3196 2490 3280 δῆμον
2535 3193 2773 3281 ηὔξησε

423 3299 587 3364 κατὰ
653 3302 782 3365 τῶν
851 3295 1137 3382 ἀρίστων
1204 3301 1313 3364 καὶ
1380 3296 1679 3380 θράσους
1753 3295 2107 3382 ἐνέπλησεν
2183 3296 2277 3374 εἷς
2352 3295 2590 3375 ναύτας
2663 3301 2772 3362 καὶ

422 3400 767 3479 κελευστὰς
821 3404 928 3467 καὶ
984 3400 1375 3487 κυβερνήτας
1432 3402 1545 3484 τῆς
1590 3397 1926 3481 δυνάμεως
1971 3394 2388 3483 ἀφικομένης.
2477 3397 2608 3462 Διὸ
2661 3395 2773 3463 καὶ

423 3500 499 3565 τὸ
555 3505 734 3586 βῆμα
790 3502 866 3567 τὸ
926 3502 990 3569 ἕν
1047 3508 1293 3580 Πυκνί,
1372 3506 1824 3584 πεποιημένον
1893 3496 2055 3565 ὥστ’
2129 3495 2540 3583 ἀποβλέπειν
2598 3496 2770 3582 πρὸς

421 3602 536 3688 τὴν
594 3602 977 3683 θάλασσαν,
1055 3600 1328 3687 ὕστερον
1397 3603 1461 3667 οἱ
1528 3601 1880 3685 τριάκοντα
1936 3602 2107 3684 πρὸς
2163 3602 2277 3687 τὴν
2334 3600 2550 3684 χώραν
2607 3596 2771 3666 ἀπέ-

425 3716 757 3788 στρεψαν,
821 3705 1115 3789 οἰόμενοι
1171 3705 1286 3791 τὴν
1343 3704 1462 3788 μὲν
1508 3704 1672 3769 κατὰ
1717 3703 1832 3788 τὴν
1877 3702 2231 3768 θάλασσαν
2277 3698 2474 3789 ἀρχὴν
2518 3708 2768 3787 γένεσιν

426 3800 596 3872 εἶναι
643 3806 1097 3892 δημοκρατίας,
1147 3803 1488 3891 ὀλιγαρχίᾳ
1534 3798 1597 3869 δ’
1647 3793 1842 3890 ἧττον
1890 3806 2330 3898 δυσχεραίνειν
2376 3804 2527 3882 τοὺς
2565 3829 2768 3889 γεωρ-

421 3932 714 3998 γουντας.

563 4164 599 4227 ¹)
634 4164 788 4213 Hunc
824 4164 995 4212 Iovem
1029 4163 1223 4227 primus
1263 4162 1671 4212 commemoravit
1708 4162 1984 4227 Sophocles
2020 4161 2259 4222 (Philoct.
2299 4164 2496 4226 1261.)‚
2545 4162 2583 4211 si
2632 4166 2767 4212 recte

419 4250 586 4299 locum
636 4248 915 4299 emendavit
959 4248 1212 4296 Porsonus
1259 4250 1320 4297 ad
1365 4249 1490 4297 Eur.
1526 4246 1659 4297 Med.
1699 4249 1812 4299 750.
1886 4246 1984 4296 Sed
2019 4247 2235 4296 Athenis
2281 4248 2493 4311 antiquo
2542 4252 2765 4311 tempore

418 4335 556 4383 hune
592 4336 761 4383 Iovem
799 4333 992 4382 cultum
1027 4332 1181 4381 fuisse
1217 4347 1320 4379 non
1356 4337 1432 4381 est
1466 4332 1739 4381 verisimile
1776 4337 1984 4430 propfer
2019 4332 2175 4381 Thue.
2213 4332 2254 4392 Ι,
2296 4333 2406 4382 125.
