3499 5219
1703 419 1829 427 W
1925 385 2050 451 226
2140 418 2223 423 m-.

824 554 1019 639 plane
1076 553 1333 620 diversa
1384 558 1483 620 est
1533 551 1618 619 ab
1669 551 1752 619 iis
1807 570 1966 635 quos
2021 550 2374 636 Sophocles
2428 558 2907 634 commemorat,
2980 551 3144 636 apud
3227 568 3236 574 ·

826 675 1013 739 quem
1056 674 1304 723 sursum
1344 654 1640 721 levantur
1670 652 2020 734 (αἴρονται)
2063 652 2319 733 μέδροι,
2366 672 2557 736 quum
2599 652 2699 719 illi
2744 654 3145 722 demittantur

825 778 893 824 m
935 775 1131 824 mare.

2072 878 2283 885 ...---.--.Μ

994 1009 1817 1077 ANIMADVERSIONES
1885 1008 2286 1076 CRITICAE
2360 1008 2456 1075 IN
2523 1006 2985 1078 SOPHOCLIS

1680 1110 2307 1178 PHILOCTETAM.

994 1265 1261 1333 Constat
1313 1266 1479 1331 inter
1531 1284 1752 1331 omnes
1812 1284 2000 1347 quam
2053 1265 2308 1347 egregie
2356 1263 2708 1347 Sophocles
2763 1262 3150 1347 sapientissi-

829 1388 968 1434 mus
1009 1386 1219 1433 mores
1260 1365 1539 1450 pinxerit
1578 1386 2024 1450 personarum,
2076 1367 2305 1450 quibus
2346 1366 2416 1433 in
2457 1365 2802 1449 tragoediis
2841 1384 2994 1432 usus
3037 1370 3149 1431 est.

829 1467 1128 1552 Inprimis
1156 1467 1387 1534 Vlixis.
1459 1467 1805 1534 Providum
1848 1476 1913 1534 et
1939 1468 2501 1551 prudentissimum
2533 1466 2884 1551 descripsit,
2928 1465 3150 1531 fortem

828 1571 1019 1635 etiam
1076 1570 1131 1636 si
1188 1589 1444 1635 securus
1498 1576 1668 1635 esset
1726 1573 2022 1653 eventus,
2095 1569 2339 1636 ironem
2392 1589 2749 1652 nunquam,
2822 1587 3033 1651 neque
3084 1568 3152 1633 in

826 1674 1025 1737 Aiace
1076 1690 1196 1738 nec
1248 1670 1318 1736 in
1360 1671 1735 1736 Philocteta.
1823 1669 1996 1736 Illud
2050 1677 2148 1736 est
2200 1671 2392 1753 igitur
2445 1669 2614 1753 quod
2669 1671 2738 1737 in
2793 1670 3153 1736 coniectura

827 1772 1103 1856 quadam
1159 1772 1236 1837 V.
1295 1771 1389 1838 Ol.
1442 1772 1768 1838 Welckeri
1821 1774 2110 1857 vitupero
2125 1820 2142 1854 ,
2216 1792 2403 1855 quam
2474 1772 2803 1855 proposuit
2870 1774 2941 1837 in
2995 1773 3150 1838 Mus.

825 1874 1032 1940 Rhen.
1075 1873 1128 1938 Ι.
1186 1894 1250 1957 p.
1296 1877 1451 1957 4433
1524 1873 1929 1940 scribendum
1982 1876 2152 1940 enim
2208 1875 2269 1939 ei
2325 1872 2662 1939 videbatur
2713 1871 2978 1961 τρυφή
3039 1894 3150 1957 pro

825 1971 1091 2059 τροφή
1146 1979 1263 2053 (ve.
1309 1976 1415 2051 32)
1474 1967 1620 2039 οὐδ’
1684 1974 1871 2041 ἔνδον
1929 1974 2273 2052 οἷκοποιός
2332 1973 2474 2040 ἔστί
2531 2000 2632 2051 τις
2687 1975 2940 2060 τρυφῆς
3012 1976 3150 2057 „als

826 2076 1190 2143 ironisch
1261 2075 1819 2159 hartherziger
1875 2076 2217 2143 Ausdruck
2285 2077 2385 2143 fnr
2451 2076 2567 2143 das
2623 2077 3147 2159 Nothdflrftigste‚

826 2199 962 2245 was
1033 2177 1138 2244 die
1192 2178 1404 2244 Hohle
1473 2199 1615 2243 zum
1670 2178 1888 2245 Hause
1943 2179 2220 2244 macht.“
2317 2179 2528 2262 Atque
2598 2198 2855 2263 prorsus
2927 2179 3147 2245 eodem

826 2278 1016 2344 modo
1080 2279 1531 2363 interpretatur
1584 2278 2015 2362 θησαύρισμα
2071 2286 2156 2360 (V.
2202 2283 2329 2358 37).
2428 2282 2738 2347 Neutrum
2808 2287 3011 2362 recte,
3081 2287 3150 2344 ut

825 2381 982 2447 mihi
1022 2379 1293 2462 videtur,
1335 2401 1529 2463 quum
1571 2382 1839 2447 ironiam
1883 2402 2013 2447 non
2054 2381 2262 2448 ferant
2301 2401 2510 2450 mores
2540 2383 2750 2449 Vlixis
2790 2381 3146 2466 Sophoclei,

828 2484 935 2564 qui
979 2482 1061 2548 de
1100 2502 1173 2548 se
1211 2483 1353 2565 ipse
1394 2483 1485 2548 sic
1529 2481 1682 2548 dicit
1723 2502 1785 2547 v.
1835 2487 1990 2549 1031
2040 2484 2342 2550 Philoct.:

1260 2587 1335 2661 οὗ
1377 2598 1494 2683 γὰρ
1539 2594 1832 2663 τοιούτων
1873 2601 1982 2677 δεῖ,
2025 2608 2302 2676 τοιοῦτος
2343 2599 2470 2683 εἶμ’
2515 2601 2650 2686 ἐγώ.

1251 2681 1465 2763 χῶπου
1513 2685 1764 2746 δικαίων
1805 2684 2102 2768 κάγαθῶν
2144 2683 2385 2769 ἀνδρῶν
2424 2689 2619 2772 κρίσις

1259 2767 1371 2831 οὔκ
1414 2767 1491 2830 ἂν
1532 2768 1747 2847 λάβοις
1784 2794 1907 2850 μου
1948 2775 2187 2850 μᾶλλον
2227 2770 2433 2836 οὐδέν’
2481 2770 2721 2856 εὐσεβῆ.

828 2887 1103 2955 Verbum
1161 2889 1524 2973 primarium
1582 2897 1680 2956 est
1735 2890 1905 2957 enim
1964 2889 2334 2968 οἷκοποιός,
2417 2913 2542 2976 quo
2600 2894 2816 2958 omnia
2872 2913 2952 2959 ea
3007 2911 3147 2956 eon-

826 2992 1107 3056 tinentur
1149 3009 1311 3072 quae
1353 2991 1723 3075 speluncam
1768 2992 2233 3075 quodammodo
2276 2993 2554 3061 efficiunt
2596 2996 2853 3061 domum
2870 3044 2887 3077 ‚
2943 2994 3036 3059 ita
3083 3000 3147 3058 ut

829 3089 1126 3156 diuturna
1167 3092 1428 3155 hominis
1469 3091 1736 3160 alicuius
1789 3095 2036 3160 mansio
2091 3096 2354 3178 agnosci
2408 3096 2670 3178 debeat,
2728 3093 2940 3182 τροφή
2999 3115 3146 3161 vero

828 3199 924 3258 est
979 3192 1422 3259 secundarium
1436 3241 1453 3275 ,
1526 3214 1650 3277 quo
1706 3215 1787 3261 ea
1841 3195 2275 3279 significantur
2287 3246 2304 3279 ‚
2378 3199 2603 3281 quibus
2658 3199 2998 3282 paullatim
3054 3218 3148 3263 as-

828 3295 1177 3360 suescimus
1246 3295 1614 3378 quotidiano
1687 3296 2108 3381 diuturnoque
2164 3319 2281 3366 usu
2296 3347 2313 3381 ‚
2388 3300 2679 3383 quamvis
2748 3300 2879 3366 sint
2946 3299 3145 3365 rudia.

827 3393 1014 3461 Nunc
1056 3395 1249 3477 igitur
1288 3416 1478 3479 quam
1520 3417 1950 3482 praepropera
1989 3399 2213 3466 fuisset
2269 3421 2439 3467 nova
2480 3403 2689 3468 Vlixis
2740 3402 3147 3485 interrogatio

829 3515 1031 3579 eaque
1071 3497 1314 3562 ironica
1357 3490 1501 3560 οὐδ’
1550 3498 1733 3563 ἔνδον
1782 3498 2122 3579 οἷκοποιός
2166 3499 2309 3567 ἐστι’
2350 3526 2452 3579 τις
2495 3502 2791 3589 τρυφήῑ
2846 3509 3145 3587 tanquam

828 3597 1173 3663 certissime
1229 3601 1583 3682 exspectari
1638 3603 1947 3684 potuisset
2001 3604 2328 3669 inventam
2385 3606 2514 3670 iam
2586 3613 2735 3671 tunc
2797 3625 2941 3673 esse
3011 3626 3147 3690 spe-

826 3700 1081 3764 luncam
1107 3699 1519 3783 Philoctetae,
1564 3702 1645 3768 de
1688 3722 1813 3784 quo
1859 3702 2147 3771 dubitare
2189 3705 2468 3772 debebat
2495 3707 2717 3774 Vlixes
2757 3728 2946 3791 quum
2990 3709 3148 3774 haec

828 3799 1111 3866 audisset
1162 3802 1654 3886 respondentem
1709 3805 2228 3888 Neoptolemum:
2291 3805 2563 3894 στειπτή
2623 3831 2694 3891 γε
2751 3807 3003 3893 φυλλὰς
3059 3802 3144 3884 ὥς

831 3899 1227 3980 &numam
1267 3926 1360 3988 τῳ
1409 3905 1580 3988 quod
1621 3907 1825 3989 potuit
1867 3908 2140 3990 intelligi
2183 3909 2376 3975 etiam
2421 3910 2505 3977 de
2544 3911 2841 3978 animalis
2883 3910 3147 3976 alicuius

828 4003 1052 4086 cubili,
1123 4023 1256 4069 non
1324 4003 1409 4071 de
1462 4005 1856 4074 Philoctetae
1926 4009 2250 4092 spelunea.
2349 4011 2581 4079 Postea
2647 4010 2901 4078 demum
2934 4031 3145 4094 'quum

829 4104 1285 4188 Neoptolemus
1328 4107 1519 4171 etiam
1560 4108 1691 4173 alia
1730 4109 2089 4192 reperisset,

965 4324 999 4389 ¹)
1031 4323 1093 4375 V.
1126 4323 1287 4373 Raoul
1322 4326 1566 4376 Rochette
1600 4328 1866 4378 Memoires
1903 4328 2196 4382 d'archaeol.
2232 4348 2393 4399 comp.
2429 4349 2479 4397 p.
2516 4336 2597 4385 31.
