3499 5219
1293 390 1462 478 ——'
1519 439 1632 499 101
1725 470 1860 478 -—

400 606 812 673 christianam
828 652 843 682 ,
904 625 1031 689 qua
1071 606 1288 672 infans
1332 613 1470 672 erat
1510 605 1830 688 initiatus,
1888 605 2267 675 adolescens
2322 608 2558 677 deinde
2599 629 2749 675 con-

398 706 692 773 firmavit.
780 708 1081 792 Legimus
1138 710 1505 775 etiamnunc
1559 708 1628 773 in
1670 708 1944 774 Herderi
2005 709 2306 793 operibus
2347 711 2511 776 illud
2554 714 2748 778 collo·

401 811 649 893 quium,
710 810 880 893 quod
937 830 1079 875 cum
1121 814 1410 897 principe
1451 810 1866 878 adolescente
1906 810 2162 894 publice
2203 812 2317 878 ille
2359 813 2617 895 habuit,
2674 815 2745 880 in

398 931 635 977 corona
661 912 915 978 testium
943 912 1503 993 nobilissimorum,
1539 932 1665 995 quo
1694 911 2012 994 colloquio
2040 932 2173 977 non
2205 914 2409 979 solum
2439 915 2743 997 pietatem

396 1033 550 1079 vere
593 1014 1006 1079 christianam
1022 1063 1038 1096 ,
1096 1035 1228 1079 non
1271 1034 1529 1081 caecam
1570 1014 1752 1079 illam
1768 1062 1785 1096 ,
1846 1016 2388 1081 caeremoniarum
2431 1024 2741 1096 tenacem,

397 1115 514 1182 sed
555 1115 972 1182 meditatione
1015 1123 1080 1182 et
1119 1117 1373 1183 ratione
1413 1116 1917 1197 corroboratam,
1964 1116 2348 1200 declaravit,
2393 1117 2510 1184 sed
2552 1119 2744 1185 etiam

399 1216 636 1300 officia,
712 1238 878 1301 quae
937 1224 1152 1285 essent
1208 1218 1518 1302 principis
1535 1266 1553 1301 ,
1625 1224 1759 1283 tam
1823 1218 1997 1287 clare
2052 1226 2311 1302 tamque
2368 1219 2612 1286 fortiter
2668 1242 2747 1289 ac

397 1327 655 1386 strenue
699 1321 997 1403 exposuit
1037 1319 1427 1387 CAROLUS
1467 1320 2011 1404 FRIDERICUS‚
2057 1328 2126 1385 ut
2171 1327 2236 1388 et
2274 1320 2475 1385 filium
2507 1324 2747 1405 egregii

396 1422 598 1506 patris
656 1428 721 1488 et
777 1421 1159 1506 discipulum
1215 1420 1487 1489 Herderi
1544 1441 1880 1505 agnoscas.
1981 1423 2078 1489 Ac
2140 1423 2415 1506 primum·
2486 1423 2739 1506 quidem

396 1524 871 1607 pronunciavit,
932 1544 1141 1607 neque
1185 1525 1359 1590 cives
1401 1524 1710 1609 principis
1753 1543 1952 1590 causa
1992 1531 2358 1609 procreatos
2404 1545 2576 1606 esse,
2636 1546 2749 1591 ne·

397 1646 522 1708 que
565 1627 921 1710 principem
964 1626 1197 1692 civium
1212 1675 1229 1710 ,
1288 1625 1405 1692 sed
1462 1633 1762 1709 utrosque
1818 1643 1962 1692 esse
2010 1626 2191 1709 quasi
2234 1625 2421 1693 unius
2465 1629 2748 1711 corporis

396 1729 704 1810 membra,
751 1747 1017 1810 quorum
1058 1729 1398 1812 unicuique
1439 1749 1572 1794 non
1615 1748 1798 1794 suum
1843 1728 1925 1794 sit
1967 1727 2322 1810 consilium,
2373 1727 2489 1794 sed
2533 1730 2744 1812 singu-

395 1831 600 1895 lorum
648 1850 861 1896 curam
904 1830 990 1895 ad
1027 1836 1227 1896 totum
1270 1831 1590 1914 pertinere
1634 1849 1884 1913 corpus,
1934 1828 2111 1895 cuius
2155 1836 2348 1913 caput
2389 1830 2743 1915 principem

397 1952 539 1999 esse
581 1932 745 2016 ipsa,
792 1952 918 2016 qua
947 1931 1298 2015 decoretur,
1344 1931 1782 1998 denominatio
1812 1929 2182 1998 condoceat.
2255 1932 2342 1996 At
2368 1951 2520 1999 vero
2554 1951 2745 2015 quum

394 2034 534 2119 ips'e
576 2035 878 2118 princeps
921 2035 1102 2117 quasi
1147 2041 1340 2117 caput
1383 2033 1681 2115 emineat,
1726 2033 1852 2099 hoc
1893 2051 2038 2099 eum
2070 2034 2444 2099 meminisse
2472 2053 2745 2117 aequum

396 2156 569 2218 esse,
627 2143 729 2219 ut,
786 2136 857 2201 in
901 2156 1088 2219 quem
1133 2137 1414 2201 omnium
1474 2136 1642 2201 oculi
1700 2135 1832 2201 sint
1887 2136 2209 2217 conversi,
2270 2154 2524 2219 semper
2580 2137 2746 2219 pius,

394 2258 624 2321 verax,
686 2238 1025 2321 honestus,
1086 2239 1318 2320 iustus,
1379 2244 1620 2320 castus,
1681 2237 1960 2320 vigilans
2009 2236 2418 2321 reperiatur,
2455 2237 2750 2321 inprimis

397 2348 611 2408 autem
654 2340 1007 2406 curandum
1052 2359 1194 2406 esse
1210 2388 1227 2421 ,
1287 2357 1374 2405 ne
1423 2358 1566 2406 eam
1620 2339 2019 2423 opinionem,
2081 2358 2247 2421 quae
2289 2339 2412 2404 sibi
2454 2339 2748 2406 videatur

395 2440 851 2528 praeferenda,
918 2442 1165 2507 civibus
1223 2442 1355 2507 suis
1414 2440 1714 2507 obtrudat
1770 2442 2024 2523 invitis,
2084 2447 2390 2523 tanquam
2450 2441 2747 2507 omnibus

394 2544 914 2627 saluberrimam3
965 2563 1163 2628 quare
1205 2563 1362 2628 prae
1404 2543 1630 2609 ceteris
1671 2545 1757 2608 ab
1801 2562 1872 2609 86
1915 2542 2261 2608 arcendam
2306 2541 2741 2611 adulationem

393 2667 570 2729 esse,
630 2666 794 2729 quae
853 2647 999 2730 plus
1052 2666 1281 2729 sapere
1323 2645 1708 2729 principem,
1769 2665 1959 2728 quam
2018 2643 2182 2711 alios
2239 2645 2559 2727 homines,
2620 2648 2745 2730 ipsi

390 2749 669 2834 principi
710 2747 1099 2832 persuadere
1141 2754 1420 2813 conetur.
1496 2748 1723 2831 Neque
1752 2766 1884 2831 eas,
1931 2764 2093 2831 quas
2137 2745 2433 2829 diximus,
2478 2749 2747 2814 virtutes

389 2851 700 2936 principis
743 2849 982 2915 otiosas
1027 2869 1168 2916 esse
1210 2848 1466 2931 debere,
1513 2850 1697 2931 quasi
1725 2850 1978 2933 aliquas
2007 2855 2198 2932 artes,
2244 2868 2402 2932 quas
2444 2849 2747 2915 didiceris

392 2952 651 3036 quidem
693 2971 903 3035 neque
947 2970 1250 3018 exerceas
1292 2957 1528 3034 tamen,
1574 2950 1691 3017 sed
1732 2952 1948 3017 nullas
1989 2951 2123 3018 fere
2168 2969 2327 3032 esse,
2375 2949 2501 3018 nisi
2539 2959 2743 3017 utare.

391 3053 718 3121 Utendum
763 3060 975 3120 autem
1018 3053 1111 3119 ita
1154 3072 1316 3135 esse,
1375 3058 1444 3117 ut
1486 3052 1573 3118 ad
1617 3072 1840 3119 omnes
1883 3052 2074 3134 cives,
2129 3072 2260 3118 non
2303 3052 2389 3117 ad
2433 3053 2740 3135 singuloS,

394 3155 797 3222 commodum
844 3154 998 3221 inde
1047 3154 1383 3221 redundet.
1471 3155 1638 3221 Prae
1693 3155 1924 3220 ceteris
1981 3160 2196 3219 autem
2254 3153 2592 3219 virtutibus
2648 3154 2742 3219 in·

388 3258 613 3343 primis
656 3258 962 3341 pietatem
1008 3256 1235 3323 decere
1277 3256 1665 3340 principem,
1726 3255 1829 3320 cui
1887 3273 2141 3339 semper
2181 3274 2555 3339 persuasum
2599 3275 2747 3323 esse

392 3358 628 3427 debeat
672 3360 889 3425 oculos
934 3379 1076 3425 esse
1121 3358 1226 3424 dei
1269 3358 1519 3441 vigiles,
1566 3358 1674 3439 qui
1717 3377 1788 3423 se
1831 3363 2267 3422 contueantur.
2444 3375 2447 3380 ·

560 3461 736 3526 Haec
792 3461 938 3543 ipsa
993 3467 1142 3526 sunt
1188 3460 1390 3526 verba
1432 3457 1746 3525 CAROLI
1790 3457 2263 3539 FRIDERIOI,
2327 3477 2623 3540 quorum,
2684 3459 2745 3523 81

388 3563 583 3629 hodie
612 3583 728 3627 vos
772 3562 1316 3628 commonefacere
1343 3561 1536 3642 volui,
1583 3560 1945 3642 Auditores,
1991 3579 2121 3625 non
2149 3558 2219 3624 id
2246 3558 2369 3624 feci
2397 3566 2743 3643 propterea

393 3663 564 3748 quod
623 3684 794 3729 nova
847 3671 1041 3747 atque
1097 3683 1355 3748 prorsus
1412 3662 1707 3728 inaudita
1763 3661 2103 3728 videantur
2158 3679 2331 3742 esse,
2391 3658 2506 3726 sed
2568 3659 2738 3743 quod

391 3768 630 3850 optime
688 3766 1123 3832 demonstrent
1178 3766 1247 3832 in
1305 3772 1565 3849 pectore
1617 3763 2045 3829 adolescentis
2094 3762 2223 3829 iam
2270 3781 2414 3827 eum
2457 3760 2741 3844 viguisse

390 3868 613 3953 populi
654 3887 967 3950 amorem,
1025 3887 1211 3951 quem
1268 3886 1387 3951 per
1443 3873 1645 3932 totum
1699 3864 1864 3930 illud
1918 3871 2170 3948 tempus
2211 3864 2311 3928 vir
2353 3863 2547 3931 etiam
2591 3882 2738 3928 con-

392 3968 692 4051 servavit,
740 3988 821 4035 ex
866 3990 989 4052 quo
1033 3968 1312 4034 civitatis
1354 3968 1856 4050 gubernaculum
1885 3986 1928 4031 a
1954 3974 2138 4050 patre
2168 3973 2436 4049 augusto
2468 3964 2734 4048 accepit.

392 4070 596 4150 Quam
638 4071 780 4154 ipse
823 4070 1214 4137 GAROLUS
1255 4069 1775 4137 FRIDERICUS
1818 4069 2184 4152 primariam
2231 4067 2395 4133 dixit
2428 4066 2737 4150 principis

389 4174 707 4254 virtutem,
754 4192 917 4255 quae
961 4178 1207 4238 ceteras
1249 4173 1533 4255 virtutes,
1579 4179 1886 4253 tanquam
1921 4170 2119 4251 focus,
2162 4169 2232 4234 in
2275 4187 2346 4235 se
2388 4168 2731 4251 contineat,

391 4294 535 4342 eam
590 4275 673 4339 ab
732 4281 924 4339 atavo
981 4293 1095 4340 suo
1112 4322 1129 4356 ,
1189 4275 1460 4340 Ernesto
1518 4274 1838 4355 Augusto,
1915 4270 2096 4355 quasi
2152 4269 2541 4337 hereditario
2596 4269 2735 4335 iure

389 4377 662 4460 adeptus
722 4395 863 4442 esse
918 4375 1188 4442 videtur.
1291 4378 1456 4441 Eum
1514 4375 1685 4442 enim
1741 4375 2008 4457 librum,
2078 4393 2267 4456 quem
2339 4371 2423 4437 de
2492 4371 2736 4456 pietate
