3499 5219
1711 463 2241 531 ——84—

798 646 994 722 atque
1050 658 1086 703 e
1146 637 1366 703 Sicilia
1421 636 1726 716 reversis,
1803 631 2146 717 Neapolim
2203 634 2472 700 nuncius
2531 634 2862 699 afferretur
2919 628 3151 695 mortui

802 740 1017 807 Caroli
1060 740 1332 822 Augusti
1373 775 1457 784 —
1501 739 1668 804 bene
1710 736 1974 803 memini
2015 736 2136 800 hoc
2191 735 2428 800 factum
2474 755 2616 801 esse
2659 735 2727 799 in
2770 735 2930 799 villa
2971 734 3151 814 regia

800 864 995 926 quum
1038 848 1102 908 et
1154 842 1280 906 loci
1336 841 1725 906 amoenitate
1781 846 1846 904 et
1900 837 2095 903 maris
2156 838 2630 920 magnificentia
2686 838 3150 903 exsultaremus

796 944 1136 1011 laetissimi
1183 978 1260 988 -—
1305 942 1470 1008 adeo
1514 941 1791 1025 perculsi
1819 960 2036 1005 sumus
2065 960 2353 1005 moerore
2383 946 2447 1005 et
2475 939 2749 1020 tristitia,
2788 945 2858 1003 ut
2886 939 3150 1004 ulterius

799 1046 1101 1131 progredi
1145 1045 1504 1125 diutiusque
1548 1049 1730 1109 extra
1774 1043 2016 1125 patrios
2060 1041 2217 1106 fines
2261 1042 2515 1123 morari,
2561 1061 2770 1125 paene
2813 1061 2930 1106 nos
2974 1040 3149 1105 fasti-

798 1149 984 1213 diret.
1043 1147 1287 1212 Tristes
1329 1146 1521 1228 igitur
1564 1145 1973 1210 discessimus
2015 1143 2083 1207 in
2127 1144 2421 1226 patriam,
2466 1144 2673 1226 ipsam
2716 1144 2969 1207 funesto
2999 1163 3152 1207 casu

796 1249 1246 1315 tristissimam.
1302 1247 1381 1311 In
1422 1253 1600 1311 tanto
1646 1245 1928 1310 omnium
1972 1265 2280 1326 moerore,
2329 1244 2558 1309 Carolo
2588 1246 2875 1327 Augusto
2907 1264 3152 1309 succes-

798 1352 884 1417 sit
929 1348 1314 1416 CAROLVS
1358 1346 1878 1413 FRIDERICVS
1894 1395 1910 1428 ,
1976 1368 2107 1411 non
2165 1353 2414 1410 tantum
2471 1347 2539 1411 in
2594 1347 2880 1429 regenda
2938 1345 3149 1429 patria

798 1453 1078 1534 civitate,
1124 1451 1242 1516 sed
1284 1450 1478 1516 etiam
1507 1450 1576 1514 in
1603 1447 2027 1532 gubernanda
2057 1449 2509 1514 Vniversitate.
2563 1447 2771 1527 Quam
2811 1448 2894 1513 sit
2936 1454 3150 1513 autem
3219 1441 3224 1444 ’

798 1554 1089 1635 difficile,
1151 1573 1235 1618 ne
1281 1552 1489 1616 dicam
1532 1552 1877 1632 lubricum,
1923 1571 2158 1633 magno
2203 1552 2340 1615 viro
2384 1550 2755 1631 succedere,
2815 1570 2947 1614 non
2993 1569 3150 1633 opus

797 1663 898 1722 est
939 1655 1196 1721 uberius
1241 1672 1594 1737 exponere,
1661 1671 1977 1734 nemoque
2034 1653 2235 1719 sensit
2291 1652 2519 1718 melius
2577 1672 2768 1733 quam
2823 1652 2965 1734 ipse
3022 1672 3152 1714 mo-

799 1757 1199 1823 destissimus
1256 1755 1555 1838 princeps
1573 1802 1589 1835 ,
1663 1774 1854 1836 quem
1927 1775 2097 1819 nunc
2167 1774 2565 1819 veneramur.
2655 1752 2920 1817 Carolus
2981 1754 3150 1817 enim

798 1859 1126 1941 Augustus
1169 1877 1301 1921 non
1345 1857 1550 1921 solum
1592 1856 1767 1921 bello
1812 1858 2022 1921 clarus
2066 1863 2204 1921 erat
2247 1891 2326 1901 —
2370 1862 2469 1919 ter
2498 1855 2669 1919 enim
2699 1861 2920 1919 contra
2951 1854 3152 1919 Fran·

798 1961 1105 2042 cogallos,
1153 1977 1519 2022 communes
1551 1957 1937 2022 Germaniae
1966 1959 2201 2038 hostes,
2249 1957 2493 2022 fortiter
2523 1963 2586 2021 et
2614 1978 2745 2021 non
2775 1956 2914 2022 sine
2943 1957 3150 2038 gloria

798 2067 1201 2145 pugnaverat
1243 2060 1312 2124 in
1357 2060 1778 2123 Borussorum
1809 2059 2107 2141 exercitu,
2156 2059 2256 2123 cui
2298 2059 2452 2123 inde
2482 2079 2522 2122 a
2552 2058 2827 2142 pueritia
2855 2058 3147 2123 addictus

798 2162 949 2242 fuit,
1018 2161 1200 2244 quasi
1256 2160 1469 2224 animo
1514 2160 1940 2243 praesagiret,
2013 2160 2082 2225 id
2138 2161 2309 2243 quod
2367 2160 2766 2225 verissimum
2824 2167 2951 2241 est,
3028 2160 3149 2224 alis

797 2264 1055 2345 aquilae
1097 2262 1477 2328 Borussicae
1530 2269 1641 2326 aut
1697 2262 1886 2327 evehi
1950 2268 2063 2326 aut
2129 2261 2399 2345 deprimi
2465 2263 2707 2326 liberae
2764 2261 3149 2326 Germaniae

799 2365 1120 2431 fortunam
1161 2399 1248 2409 —-
1289 2362 1405 2428 sed
1448 2362 1641 2427 etiam
1683 2383 1845 2446 pace
1889 2364 2294 2429 clarissimus.
2368 2364 2604 2445 -Atque
2661 2363 2745 2428 de
2803 2364 2937 2428 eius
2980 2363 3150 2428 forti-

798 2467 1025 2532 tudine
1069 2472 1131 2530 et
1174 2464 1411 2530 bellica
1453 2465 1685 2530 virtute
1730 2464 1942 2530 dicere
1986 2472 2054 2530 ut
2096 2486 2227 2530 non
2282 2472 2380 2530 est
2423 2466 2613 2530 huius
2655 2465 2810 2545 loci,
2869 2465 2960 2528 ita
3017 2485 3148 2529 non

805 2568 989 2634 decet
1033 2586 1177 2633 eum
1222 2566 1329 2649 qui
1372 2565 1601 2631 litteris
1644 2566 1954 2651 pacificis,
2001 2587 2131 2632 non
2173 2567 2347 2633 bello
2392 2573 2685 2633 assuetus
2730 2572 2844 2632 est.
2936 2566 3146 2632 Satius

801 2671 992 2753 igitur
1036 2670 1154 2735 erit
1194 2669 1261 2732 in
1303 2669 1675 2733 memoriam
1720 2669 1919 2735 Vobis
1962 2670 2083 2734 tria
2137 2670 2431 2754 inprimis
2473 2689 2809 2735 revocasse
2854 2689 3019 2751 quae
3061 2677 3149 2734 to-

799 2778 988 2854 gatus
1030 2771 1143 2835 ille
1184 2770 1480 2854 perfecit:
1555 2772 2013 2854 rempublicam
2078 2779 2394 2854 nostram,
2469 2772 2685 2837 ascitis
2742 2771 3030 2836 honestis
3088 2777 3149 2836 et

803 2872 1225 2956 prudentibus
1269 2873 1681 2954 consiliariis,
1731 2873 1988 2955 egregie
2030 2874 2414 2956 gubernavit
2457 2872 2614 2956 ipse,
2659 2873 2751 2936 ita
2795 2879 3032 2954 tamen,
3078 2879 3145 2936 ut

801 2975 1044 3058 primus
1077 2974 1360 3038 omnium
1390 2974 1777 3040 Germaniae
1807 2974 2162 3058 principum
2195 2974 2451 3039 comitia
2478 2974 2739 3057 publica
2767 2975 3142 3056 institueret,

802 3074 987 3159 quael
1012 3075 1094 3140 de
1122 3076 1373 3157 legibus
1404 3083 1596 3158 atque
1621 3076 1931 3141 reditibus
1962 3076 2236 3141 civitatis
2263 3075 2708 3140 decernerent:
2740 3077 3144 3141 tetrarchiam

801 3177 1179 3242 litterariam
1199 3198 1330 3242 non
1359 3179 1565 3243 solum
1595 3177 1937 3259 Vimariae,
1969 3177 2084 3243 sed
2106 3178 2296 3242 totius
2327 3176 2714 3243 Germaniae
2735 3176 3009 3242 instituit
3039 3198 3145 3242 no-

799 3280 1180 3344 bilissimam
1196 3325 1213 3360 ,
1261 3278 1536 3362 Goethii,
1583 3279 1911 3360 Schilleri,
1956 3279 2230 3344 Herderi
2246 3327 2263 3361 ,
2306 3278 2658 3344 Wielandii
2674 3327 2690 3360 ,
2738 3280 2966 3360 quibus
3007 3278 3146 3362 ipse

799 3401 954 3446 usus
1010 3387 1106 3445 est
1157 3380 1686 3462 familiarissime,
1766 3380 2262 3446 Vniversitatem
2328 3389 2613 3446 nostram
2671 3380 2995 3445 conditam
3063 3379 3144 3445 ab

802 3482 1093 3547 Iohanne
1134 3482 1476 3565 FridericO,
1525 3484 1907 3548 Frnestinae
1950 3484 2292 3566 prosapiae
2335 3489 2709 3547 ornamento
2754 3482 3025 3563 eximio,
3072 3503 3146 3548 eo

801 3585 943 3667 ipso
987 3603 1158 3649 anno
1174 3632 1190 3665 ,
1237 3604 1360 3666 quo
1404 3585 1593 3649 tertia
1636 3585 1951 3650 secularia
2004 3584 2471 3649 reformationis
2516 3584 2825 3649 ecclesiae
2869 3585 3146 3650 celebra-

802 3686 1028 3750 bamus
1045 3734 1062 3768 ,
1121 3692 1426 3768 tanquam
1483 3706 1566 3751 ex
1607 3685 2012 3750 incunabulis
2056 3686 2141 3750 ad
2185 3707 2356 3751 nova
2399 3705 2602 3768 eaque
2657 3686 3013 3751 laetissima
3057 3687 3148 3750 in·

802 3793 1127 3853 crementa
1169 3788 1260 3852 ita
1304 3787 1614 3868 evocavit,
1661 3795 1729 3851 ut
1773 3806 1924 3852 vere
1968 3788 2131 3852 alter
2175 3788 2312 3852 eius
2362 3788 2652 3852 conditor
2680 3795 2871 3869 atque
2902 3808 3145 3871 auspex

802 3888 931 3953 dici
973 3895 1209 3972 posset.
1298 3890 1467 3953 Nam
1511 3910 1642 3954 non
1698 3890 1905 3954 solum
1960 3888 2203 3953 reditus
2259 3889 2395 3955 eius
2450 3890 2705 3973 egregie
2762 3889 2970 3972 auxit,
3030 3888 3145 3955 sed

803 3990 998 4055 etiam
1040 3991 1505 4073 supellectilem
1549 3991 1944 4071 litterariam,
1992 4010 2117 4071 qua
2146 4012 2277 4054 non
2306 3997 2518 4074 potest
2546 4010 2763 4056 carere
2791 3991 3145 4057 litterarum

802 4091 1222 4172 Vniversitas,
1267 4092 1495 4156 mirum
1539 4092 1607 4156 in
1651 4092 1910 4156 modum
1953 4090 2365 4175 amplificavit
2406 4093 2854 4158 liberalissime
2895 4092 3148 4158 adiecta

802 4193 1018 4257 ducali
1046 4191 1435 4257 bibliotheca
1464 4192 1765 4276 publicae
1795 4193 2228 4258 universitatis
2271 4194 2719 4276 bibliothecae,
2766 4200 2832 4259 et
2873 4194 3144 4260 conditis

800 4293 1282 4359 collectionibus
1325 4293 1412 4358 ad
1455 4300 1723 4359 naturae
1766 4295 2332 4378 perscrutationem
2375 4294 2872 4379 pertinentibus,
2919 4297 3146 4379 quibus

801 4416 985 4461 suam
1028 4396 1167 4478 ipse
1211 4414 1424 4460 arcem
1467 4395 1807 4461 Ienensem
1851 4396 2183 4480 patefecit,
2230 4416 2422 4479 quum
2466 4404 2780 4480 angustae
2823 4397 3146 4464 Vniversi-
