3499 5219
1273 413 1840 475 —197—

554 578 744 645 Vnde
799 579 1083 662 sequitur
1137 597 1360 644 versus
1428 600 1586 663 quos
1640 587 1836 646 antea
1887 580 2286 664 allegaverat
2341 585 2728 651 scholiasta:

379 674 421 767 ἦ
473 674 537 743 δ’
589 673 751 745 ἔτεκ’
802 678 869 745 ἓν
912 677 1221 763 μεγάροις
1263 704 1316 743 κ.
1364 704 1418 743 τ.
1468 678 1517 745 ἑ.
1575 703 1707 747 non
1758 702 1901 749 esse
1944 683 2210 750 Hesiodi
2254 692 2323 749 ut
2366 686 2727 770 suspicatus

382 789 524 849 erat
566 782 951 848 Boeekhius.

1484 900 1631 967 VII.

552 1036 843 1119 Phlegon
883 1037 1085 1102 Trall.
1130 1035 1213 1101 de
1255 1036 1481 1102 mirab.
1527 1041 1587 1101 4.
1668 1032 1938 1120 Ἱστορεῖ
1994 1037 2075 1102 δὲ·
2121 1040 2229 1103 καὶ
2267 1032 2575 1117 Ἡσίοδος
2617 1045 2726 1107 καὶ

379 1139 787 1217 Δικαίαρχος
843 1137 954 1202 καὶ
997 1136 1400 1221 Κλείταρχος
1454 1139 1562 1201 καὶ
1607 1123 2083 1220 Καλλίῇιμαχος
2136 1142 2244 1205 καὶ
2304 1137 2496 1207 ἄλλοι
2554 1143 2728 1221 τινὲς

382 1238 539 1319 περὶ
592 1244 935 1323 Τειρεσίου
989 1237 1149 1304 τάδε
1190 1265 1244 1304 κ.
1291 1264 1347 1303 τ.
1396 1237 1444 1304 ἒ.
1534 1239 1705 1319 Quid
1761 1247 1975 1307 autem
2016 1242 2335 1308 Hesiodus
2391 1245 2729 1313 tradiderit

382 1339 468 1408 de
509 1342 759 1408 Tiresia
799 1341 995 1408 valde
1036 1342 1345 1408 incertum
1390 1348 1506 1408 est.

1465 1493 1646 1560 VIII.

550 1629 775 1692 Procli
810 1629 1130 1696 Diadoohi
1171 1631 1416 1713 proleg.
1469 1630 1556 1696 ad
1600 1629 1753 1696 Hes.
1812 1651 1875 1713 p.
1921 1633 1962 1693 4
2019 1628 2120 1696 ed.
2168 1627 2285 1696 Ox.
2342 1633 2550 1695 ταῦτα
2605 1636 2723 1712 μὲν

381 1717 498 1794 οὖν
541 1728 653 1795 καὶ
698 1729 763 1795 ἐν
809 1728 1038 1807 ἄλλοις
1090 1731 1362 1817 εἴρηται.
1426 1733 1535 1794 νῦν
1596 1729 1669 1796 δὲ
1725 1732 1858 1795 τῶν
1917 1728 1985 1795 ἒν
2042 1732 2136 1814 τῷ
2191 1731 2430 1817 βιβλίῳ
2489 1732 2724 1810 λέξεων

379 1828 503 1907 τὰς
548 1831 860 1913 δεομένας
905 1830 1267 1916 σαφηνείας
1312 1830 1832 1917 διερμηνεύωμεν
1887 1831 1995 1896 καὶ
2047 1831 2111 1897 εἴ
2149 1858 2218 1897 τι
2261 1832 2725 1918 περιττότερόν

382 1930 560 1998 ἐστιν
616 1925 659 2017 ἢ
712 1932 878 1999 κατὰ
938 1934 1092 2012 τοὺς
1147 1932 1438 2010 πολλοὺς
1492 1935 1624 1997 τῶν
1683 1934 1893 1997 ταῦτα
1945 1932 2304 2015 μετιόντων
2370 1955 2728 2018 συμπαρα·

381 2030 844 2118 λαμβάνοντες.
946 2038 1068 2104 Hie
1123 2036 1375 2102 addidit
1417 2035 1573 2102 Cod.
1617 2035 1888 2101 Dorvill.
1932 2031 2166 2122 Ρήσεις
2203 2030 2516 2102 τΗσιόδου
2560 2062 2727 2119 μου-

381 2136 691 2204 οοπνόων
736 2136 1097 2222 στομάτων.
1162 2134 1393 2214 ἄλλως.
1483 2137 1640 2217 Quis
1684 2137 1808 2204 hoe
1848 2135 2257 2204 adnotaverit
2299 2138 2384 2203 ad
2429 2139 2724 2207 Proelum

378 2240 715 2322 nescimus,
760 2241 1070 2307 incertum
1114 2240 1310 2307 etiam
1353 2259 1436 2307 ex
1478 2259 1602 2323 quo
1646 2238 1914 2305 Hesiodi
1942 2238 2222 2306 carmine
2252 2242 2614 2325 expiscatus
2641 2245 2729 2309 sit

376 2340 820 2424 μουσοπνόων
865 2340 1228 2423 στομάτων.
1315 2340 1636 2407 Indicavit
1676 2340 1837 2403 Rob.
1879 2339 2088 2422 Unqer
2130 2341 2353 2406 Sinide
2396 2363 2458 2426 p.
2497 2335 2636 2411 108.

1448 2492 1663 2559 VIIII.

549 2633 829 2718 Etymol.
875 2633 959 2698 M.
1002 2653 1063 2698 v.
1107 2629 1356 2710 Λάταξ
1406 2653 1470 2716 p.
1518 2635 1662 2696 557.
1751 2625 1999 2707 Λάταξ
2052 2627 2238 2714 παρὰ
2295 2628 2371 2694 τὸ
2433 2630 2515 2695 λα
2571 2631 2718 2698 ἔπι-

375 2731 643 2798 τατικὸν
713 2733 825 2798 καὶ
893 2731 970 2797 τὸ
1032 2730 1247 2812 στάζω
1309 2732 1474 2811 στάξ
1533 2731 1644 2797 καὶ
1702 2728 1933 2810 λάταξ,
2009 2725 2047 2814 ἡ
2120 2729 2365 2816 μεγάλη
2441 2734 2716 2817 σταγών.

367 2829 695 2911 Ἡσίοδος.
797 2836 1163 2903 Emendare
1233 2826 1435 2902 voluit
1505 2855 1620 2918 pro
1674 2827 1981 2909 Ἡσίοδος
2036 2833 2462 2900 Ruhnkenius
2507 2828 2719 2917 Ἡρω-

379 2936 622 3014 διανὸς.
712 2938 891 3003 Haeo
941 2945 1156 3005 autem
1213 2936 1552 3020 originatio
1610 2935 1976 3001 doctissimo
2025 2933 2395 3000 Herodiano
2450 2935 2720 3020 indigna

376 3059 520 3106 esse
561 3039 832 3106 videtur.

1502 3155 1587 3221 X.

545 3293 869 3377 Theophr.
913 3293 994 3358 H.
1030 3294 1102 3358 P.
1132 3291 1251 3373 IX,
1289 3293 1384 3372 19,
1418 3294 1477 3355 2.
1524 3284 1614 3366 ὥς
1658 3289 1734 3376 δή
1783 3311 1989 3375 φασιν
2031 3286 2108 3352 τὸ
2156 3286 2504 3369 τριπόλιον
2548 3287 2716 3355 καθ’

368 3390 679 3459 Ἡσίοδον
751 3395 858 3459 καὶ
933 3395 1290 3458 Μουσαῖον
1365 3390 1458 3468 εἷς
1525 3392 1661 3457 πᾶν
1733 3392 2008 3475 πρᾶγμα
2081 3391 2452 3455 σπουδαῖον
2526 3385 2713 3458 εἶναι.

374 3496 646 3563 Videtur
714 3495 1035 3564 Hesiodus
1104 3488 1498 3579 τριπέτηλον
1574 3492 1834 3560 dixisse.
1948 3492 2025 3559 V.
2096 3493 2282 3560 Hess.
2369 3493 2715 3561 editionem

373 3617 586 3665 meam
642 3621 705 3683 p.
751 3603 897 3665 257.

1484 3711 1604 3779 XI.

545 3853 759 3937 Etym.
804 3851 972 3920 Gud.
1029 3871 1091 3916 v.
1120 3845 1362 3930 ’Ἀρκυς
1420 3840 1596 3924 εἶδος
1653 3843 1916 3911 δικτύου
1973 3845 2042 3912 ἐκ
2095 3851 2342 3931 παγέος
2398 3852 2711 3927 σχοινίου,

377 3947 415 4015 ὃ
461 3950 686 4019 ἱστᾶσι
729 3952 900 4035 πρὸς
942 3948 1161 4036 θήραν
1205 3949 1486 4017 λεόντων
1528 3940 1572 4036 ἢ
1615 3944 1869 4032 ἄρκτων
1926 3940 1969 4031 ἢ
2023 3946 2287 4033 ἐλάφων
2343 3945 2455 4013 καὶ
2512 3947 2714 4013 δασύ-

377 4077 559 4118 νεται
604 4052 671 4120 ἐκ
714 4056 831 4119 τοῦ
878 4054 1072 4139 ε’ίργω
1115 4049 1193 4117 τὸ
1236 4049 1481 4128 κολύω,
1542 4051 1758 4137 τροπῇ
1811 4051 1928 4134 τῆς
1985 4074 2044 4115 ει
2090 4049 2462 4136 διφθὸγγου
2507 4049 2601 4127 εἰς
2645 4075 2706 4115 α.

368 4146 694 4234 Ἡσίοδος.
753 4158 958 4225 .Idem
999 4156 1196 4222 habet
1234 4155 1599 4240 Etymolog.
1643 4154 1728 4219 M.
1775 4173 1837 4218 v.
1883 4148 2079 4237 ἄρκυς
2120 4172 2321 4237 usque
2363 4151 2452 4220 ad
2495 4150 2708 4237 ε’ίργω.

376 4256 472 4325 Cf.
519 4257 795 4327 Cramer.
840 4257 1084 4325 Aneed.
1129 4254 1335 4323 Oxou.
1379 4257 1464 4339 ΙΙ,
1509 4276 1572 4340 p.
1619 4258 1764 4321 336.
