3499 5219
1611 423 1738 430 —--
1834 392 1956 454 222
2045 426 2175 431 „„-

893 562 1022 629 Sed
1067 560 1245 626 aliud
1288 561 1556 627 fortasse
1614 561 1734 626 erit
1792 559 1962 643 quod
2017 561 2086 625 in
2142 567 2361 625 nostra
2418 560 2870 627 emendatione
2920 564 3054 645 quis

723 664 1184 752 reprehendat3
1258 664 1491 729 dixerit
1548 664 1751 745 enim,
1823 663 1876 728 si
1936 682 2014 727 ea
2073 662 2391 727 sententia
2449 671 2645 743 esset,
2694 681 2888 747 qnam
2945 685 3054 748 ego

722 772 933 836 inesse
990 774 1239 852 putem,
1301 766 1705 831 scribendum
1765 765 1961 830 fuisse
2006 765 2308 848 Sophocli
2369 753 2584 840 οὐδεὶς
2634 752 2710 851 ἧν
2758 761 2942 841 ὅστις
2983 760 3055 829 ὃν

654 932 663 939 .
727 870 954 953 ἔθαψε
998 868 1111 932 τὸν
1159 863 1445 950 ἀδελφὸν
1494 869 1578 943 (h.
1627 888 1681 933 e.
1730 889 1862 928 um·
1908 866 2235 938 Neemmzd,
2284 867 2398 928 der
2443 867 2558 929 den
2595 868 2859 930 Bruder
2900 868 3061 930 hatte

724 974 1022 1037 bestatten
1068 971 1355 1052 lciirmen),
1402 991 1531 1035 non
1579 962 1692 1031 οὐκ
1740 962 1877 1031 ἔστ’
1931 962 2218 1049 ἀδελφὸν
2267 962 2450 1043 ὅστις
2497 962 2575 1031 ἂν
2606 967 2871 1033 θάπτοι
2902 976 3060 1034 ποτέ

726 1078 811 1156 (h.
860 1097 914 1142 e.
957 1075 1052 1138 Isl
1098 1073 1441 1148 Ne‘emaml‚
1500 1073 1614 1134 det·
1658 1072 1773 1133 den
1819 1070 2082 1132 Bruder
2109 1070 2188 1154 je
2231 1070 2619 1151 bertanem),
2669 1072 2786 1138 sed
2828 1073 3063 1138 fallitur

721 1181 835 1246 ille
880 1199 974 1258 eo,
1022 1176 1190 1260 quod
1233 1178 1375 1258 ipsa
1419 1175 1746 1257 sepultura
1776 1173 2101 1257 Polynicis
2144 1193 2275 1238 non
2320 1168 2603 1257 perfecta
2640 1181 2753 1257 est,
2800 1175 2870 1240 id
2900 1176 3064 1258 quod

723 1290 855 1347 tam
914 1301 995 1346 ex
1049 1281 1253 1343 altera
1307 1276 1602 1342 Custodis
1675 1276 2044 1340 narratione
2117 1296 2305 1357 quam
2374 1296 2455 1342 ex
2511 1285 2700 1361 capto
2757 1276 3061 1360 Creontis,

723 1391 869 1469 post
924 1382 1273 1447 discessum
1322 1379 1641 1459 Tiresiae,
1701 1377 1967 1442 consilio
2026 1378 2253 1442 elucet.
2356 1379 2433 1443 Id
2458 1367 2463 1374 ’
2491 1380 2700 1463 ipsum
2744 1380 3066 1462 Antigona

725 1494 919 1553 antea
975 1480 1354 1566 significavit
1412 1500 1488 1545 eo
1561 1478 1733 1562 quod
1804 1478 2229 1544 frustraneum
2283 1480 2574 1546 laborem
2635 1502 2818 1547 suum
2875 1481 3066 1548 fuisse

725 1587 1027 1669 intelligit
1070 1591 1134 1650 et
1176 1583 1501 1667 praesenti
1547 1581 2086 1660 περιστέλλουσα,
2133 1602 2263 1645 non
2294 1583 2530 1648 aoristo
2575 1578 3062 1663 περιστείλασα,

724 1712 858 1757 usa.
934 1685 1350 1753 Desideratur
1382 1685 1574 1767 igitur
1606 1684 1689 1748 ab
1720 1683 2046 1765 Antigona
2077 1684 2268 1748 etiam
2300 1691 2451 1750 tunc
2480 1684 2815 1751 commoda
2842 1687 3068 1751 mortui

725 1794 1051 1876 sepultura
1096 1807 1261 1870 quae
1319 1794 1452 1851 tum
1510 1785 1766 1851 demum
1818 1786 1938 1851 rite
1995 1785 2279 1870 perfecta
2338 1793 2435 1852 est
2491 1809 2685 1870 quum
2732 1786 3067 1854 Creontem

725 1892 974 1960 consilii
1018 1889 1293 1955 antehac
1337 1888 1506 1971 capti
1564 1887 2004 1971 poenituisset.
2105 1888 2245 1952 Iam
2304 1890 2359 1953 si
2417 1890 2561 1971 quis
2616 1890 2836 1957 eiectis
2894 1890 3069 1956 adul-

725 1995 948 2062 terinis
990 1992 1281 2059 versibus
1297 2039 1312 2072 ,
1371 1990 1479 2072 qui
1534 1989 1848 2055 rationem
1895 1990 2155 2073 pietatis
2172 2039 2186 2065 ‚
2244 2010 2370 2073 qua
2427 1991 2676 2057 ducitur
2725 1993 3066 2076 Antigona,

725 2116 984 2181 prorsus
1046 2091 1453 2177 perturbant,
1526 2098 1726 2155 totum
1786 2092 1996 2155 locum
2054 2091 2353 2156 continuo
2411 2095 2786 2178 perlegerit,
2863 2093 3067 2159 πόνον

726 2201 915 2264 istum
959 2218 1020 2262 v.
1062 2199 1204 2261 871.
1251 2201 1809 2258 commemoratum
1853 2192 2185 2275 aptissime
2229 2196 2538 2278 explicari
2582 2199 2817 2264 sentiet
2858 2198 3069 2264 verbis

639 2299 642 2302 ’
729 2295 911 2375 ὅστις
958 2290 1035 2362 ἂν
1081 2293 1362 2360 θάπτοι.

1711 2453 1817 2506 ιῦν
1862 2443 1947 2521 δέ,
1994 2442 2379 2523 Πολυνεικες,
2428 2447 2496 2510 τὸ
2542 2445 2653 2512 σὸν

1134 2532 1323 2611 δέμας
1365 2530 1843 2613 περιστέλλουσα
1887 2526 2090 2592 τοιάδ’
2141 2528 2425 2612 ἷὶονυ.μαι

1134 2621 1329 2679 καίτοι
1377 2615 1441 2679 σ’
1494 2615 1843 2698 ἒγῶτίμησα
1887 2625 2015 2690 τοῖς
2059 2625 2393 2698 φοονοῦσιν
2436 2645 2524 2682 ευ.

1135 2700 1204 2769 οὗ
1248 2699 1366 2784 2029
1409 2701 1551 2764 ποτ’
1602 2699 1743 2764 οἷ”τ
1790 2702 1868 2764 ἂν
1910 2703 1963 2763 εἴ
2003 2703 2227 2765 τέκνων
2247 2703 2469 2810 μήτηρ
2518 2707 2687 2790 ἔφυν,

1136 2784 1273 2852 ov'1'
1322 2789 1373 2850 εἷ
1416 2787 1593 2864 πόσις
1632 2811 1738 2867 μοι
1786 2786 2117 2851 κατθανὼν
2159 2788 2423 2870 ἐτήκετο,

1130 2876 1242 2962 βία
1285 2877 1556 2936 πολιτων
1599 2871 1772 2937 τόνδ’
1823 2874 1900 2936 ἂν
1942 2873 2184 2955 ἠρόμην
2226 2875 2440 2939 πόνον·

1131 2960 1365 3041 μητρὸς
1411 2957 1474 3020 ‹5‘
1524 2961 1585 3022 ἒν
1629 2955 1815 3064 ᾅδου
1832 2962 1930 3021 καὶ
1975 2961 2210 3038 πατρὸς
2252 2960 2643 3026 κεκευθότοιν

1134 3045 1242 3140 σῦκ
1287 3042 1418 3110 ἐστ’
1467 3023 1736 3128 ἀδελφὸν
1783 3040 1949 3119 ὅστις
1994 3043 2068 3107 ἂν
2111 3046 2341 3108 θάπτοι
2390 3049 2551 3112 ποτέ.

906 3623 1712 3693 COMMENTARIOLVM
1769 3628 1888 3692 DE
1946 3626 2363 3694 DIVERBIO
2422 3627 2730 3693 NVNCII
2789 3630 2905 3695 ET

1112 3726 1535 3795 CREONTIS
1578 3730 1675 3795 IN
1720 3727 2184 3796 SOPHOCLIS
2226 3729 2700 3797 ANTIGONA.

899 3931 1249 4015 Sophocles
1321 3951 1512 4014 quum
1584 3933 1798 3997 omnia
1870 3932 2127 4015 egregie
2194 3933 2263 3996 in
2332 3932 2657 4017 Antigona
2739 3934 3073 4017 tragoedia

729 4032 1300 4125 administraverit,
1375 4039 1528 4098 tum*
1581 4035 1742 4099 nihil
1817 4033 2070 4098 videtur
2140 4035 2464 4119 pulchrius
2536 4035 2825 4119 pinxisse
2881 4056 3072 4118 quam

730 4155 975 4200 morum
1040 4134 1554 4219 descriptionem.
1637 4135 1866 4214 'Quam
1926 4135 2256 4213 commode
2312 4135 2381 4202 id
2440 4137 2632 4202 etiam
2689 4138 2757 4203 in
2816 4137 3072 4222 tritago-

729 4236 1037 4305 nistarum
1081 4237 1373 4320 personis
1416 4236 1755 4321 perfecerit
1793 4237 1910 4301 illa
1953 4236 2224 4317 diverbii
2267 4258 2418 4320 pars
2460 4238 2616 4305 satis
2658 4237 3069 4321 demonstrat,

612 4398 621 4407 .
733 4339 801 4403 in
844 4359 968 4421 qua
1011 4339 1281 4405 nuncius
1326 4346 1389 4405 et
1434 4338 1639 4404 Creon
1682 4338 1848 4404 inter
1892 4356 1962 4404 se
2005 4340 2467 4421 colloquuntur.
2544 4339 2814 4409 Videtur
2854 4346 3071 4408 tamen
