3499 5219
1681 431 1814 438 -—
1906 400 2022 459 170
2114 432 2243 438 --m

793 581 864 639 ut
907 573 1114 637 visum
1158 574 1255 634 est
1282 566 1748 647 Lindemanno‚
1795 584 2003 646 neque
2046 585 2188 629 cum
2216 566 2464 630 Duncio
2499 566 2793 649 quodam,
2842 576 2910 633 ut
2950 579 3135 653 putat

792 673 1186 755 Floegelius‚
1232 669 1350 735 sed
1391 668 1595 752 primo
1637 663 2101 749 βλιτομάμμαν
2146 687 2259 732 seu
2301 688 2566 750 puerum
2613 670 2984 753 delicatum,
3035 682 3131 737 ut-

794 782 942 860 pote
999 795 1040 838 a
1078 770 1595 855 locupletissimis
1648 769 2022 853 parentibus
2074 770 2407 851 nutritum,
2464 791 2925 854 perperamque
2978 774 3127 838 edu-

791 885 1033 958 catum,
1109 873 1345 940 deinde
1400 868 1959 955 πολυπράγμονα,
2033 871 2142 953 qui
2195 871 2401 935 multa
2453 873 2712 955 negotia
2767 882 2830 939 et
2880 876 3126 958 opificia

791 986 1013 1063 postea
1053 984 1326 1042 tractare
1368 992 1705 1057 aggressus
1747 972 1910 1036 nihil
1952 972 2238 1055 profecit.
2326 974 2513 1055 Nam,
2560 981 2629 1038 ιιι
2670 975 2868 1059 Syrus
2911 978 3018 1058 ait,

1223 1114 1440 1189 Sapiet
1482 1113 1586 1185 qui
1628 1127 1729 1170 res
1769 1111 2030 1183 utibiles,
2078 1128 2202 1170 non
2245 1113 2481 1183 multas,
2529 1115 2696 1172 sciet.

788 1251 937 1317 Fuit
976 1248 1170 1331 igitur
1211 1247 1399 1311 homo
1437 1265 1780 1330 perversus
1825 1245 1932 1332 qui
1978 1244 2125 1308 dum
2169 1243 2450 1326 prudens
2485 1245 2685 1309 videri
2733 1248 2905 1329 cupit
2944 1269 3123 1330 prae-

742 1421 752 1428 ?
788 1357 1043 1434 postera
1088 1349 1301 1413 omnia
1343 1348 1479 1429 agit
1519 1348 1610 1411 ita
1649 1354 1720 1412 ut
1761 1346 2066 1412 ridiculus
2111 1345 2369 1411 omnino
2401 1366 2542 1411 esse
2571 1356 2899 1431 appareat.
2959 1351 3120 1414 Nam

701 1486 705 1488 Δ
786 1453 841 1518 is
886 1453 1063 1517 cuius
1105 1470 1314 1515 mores
1357 1449 1458 1514 his
1500 1450 1790 1514 versibus
1834 1448 2304 1531 describuntur,
2356 1441 2545 1510 πόλλ’
2595 1442 2922 1532 ἠπίστατο
2972 1451 3121 1533 ἔργα

786 1555 997 1629 κακῶς
1043 1545 1109 1616 δ’
1158 1546 1488 1634 ἠπίστατο
1534 1547 1812 1626 πάνταῙ)
1871 1557 1934 1615 et
1980 1547 2094 1614 τὸν
2142 1543 2206 1612 6²
2257 1541 2401 1612 οὔτ’
2452 1542 2532 1629 ἂρ
2581 1554 2925 1633 σκαπτῆρα
2973 1554 3119 1618 θεοὶ

786 1661 998 1720 θέσαν
1043 1646 1186 1719 οὔτ’
1241 1646 1548 1737 ἀροτῆρα,
1598 1644 1740 1715 οὔτ’
1793 1647 2008 1728 ἄλλως
2051 1676 2116 1714 τι
2163 1648 2394 1734 σοφόν,
2443 1649 2664 1736 πάσης
2697 1646 2761 1720 d'
2795 1649 3123 1737 ἡμάρτανε

783 1759 1061 1839 τέχνηςῖ)
1107 1777 1237 1820 non
1281 1775 1537 1839 prorsus
1580 1752 1898 1837 insipidus
1941 1754 2130 1818 homo
2163 1752 2281 1817 fuit
2309 1753 2425 1819 sed
2454 1774 2757 1836 perversa
2786 1756 3123 1839 prudentia

783 1859 1089 1942 agitatus,
1148 1878 1275 1939 qua
1329 1857 1645 1922 contraria
1698 1855 1914 1920 omnia
1969 1854 2056 1919 ad
2109 1856 2396 1939 ineptam
2453 1855 2775 1938 quandam
2833 1858 3122 1939 regulam

785 1960 1060 2042 dirigere
1132 1958 1500 2025 conabatur.
1599 1959 1737 2025 Hac
1806 1957 2122 2024 sententia
2183 1957 2376 2022 etiam
2440 1958 2908 2023 Demosthenes
2924 1960 2968 2033 3)
3039 1967 3122 2039 (v,

782 2061 1014 2128 Aesch.
1061 2080 1113 2125 c.
1163 2059 1328 2125 Ctes.
1373 2081 1435 2143 p.
1470 2062 1569 2124 76.
1621 2058 1789 2122 ΡΙιιι.
1833 2056 1944 2123 vit.
1989 2060 2173 2123 Dem.
2221 2062 2346 2137 23.)
2391 2057 2830 2124 Alexandrum
2877 2060 3125 2127 dixerat

783 2163 1148 2245 Margitem‚
1208 2161 1379 2244 quod
1428 2168 1573 2245 post
1616 2161 1901 2245 Philippi
1941 2167 2209 2226 mortem
2253 2160 2561 2225 sacrificia
2602 2162 2823 2228 Pellae
2865 2161 3121 2247 faceret,

783 2264 1216 2348 voluptatibus
1274 2263 1553 2346 deditus,
1611 2283 1740 2329 non
1798 2263 1988 2329 bellis
2029 2261 2353 2346 parandis.
2440 2263 2636 2328 Recte
2677 2263 2870 2345 igitur
2913 2285 3124 2347 quem-

783 2365 1128 2433 admodum
1189 2367 1507 2448 Θερσίτης
1572 2364 1945 2430 Homericus
2014 2363 2337 2430 derivatus
2401 2371 2498 2430 est
2561 2385 2602 2428 a
2665 2362 2953 2445 θέρσους
3017 2369 3122 2432 vel

783 2467 1084 2551 θάρσους
1128 2465 1438 2531 vocabulo
1482 2473 1550 2529 ut
1592 2485 1925 2549 procacem
1968 2466 2289 2532 hominem
2334 2464 2644 2548 significet
2658 2467 2701 2543 ⁴)
2719 2515 2735 2548 ‚
2794 2468 2885 2532 ita
2931 2468 3122 2533 etiam

781 2570 990 2655 ipsum
1040 2588 1274 2655 nomen
1316 2568 1629 2651 Margitae
1684 2568 1992 2651 originem
2050 2567 2223 2633 ducit
2276 2587 2318 2632 a
2358 2564 2605 2648 μάργος
2646 2568 2994 2652 vocabum,
3055 2579 3124 2636 ut

782 2674 1023 2758 primus
1070 2669 1359 2735 docuisse
1400 2669 2052 2754 videturLessingius
2083 2668 2270 2753 Oper.
2313 2671 2389 2734 T.
2412 2670 2557 2735 VII.
2602 2691 2666 2753 p.
2699 2675 2822 2735 406
2854 2673 3120 2756 (Lach.)‚

783 2795 907 2858 quo
949 2773 1261 2838 vocabulo
1308 2770 1536 2837 Graeci
1578 2778 1836 2837 utuntur
1879 2773 1962 2839 de
2003 2770 2369 2837 hominibus
2411 2772 2860 2855 praeposteris.

949 2877 1180 2939 Totum
1250 2873 1441 2956 igitur
1511 2893 1767 2939 carmen
1840 2874 2088 2957 epicum
2161 2872 2546 2938 didacticum
2610 2873 2805 2940 fuisse
2869 2874 3122 2941 videtur

781 2976 1321 3060 compositumque
1377 2994 1458 3040 ex
1514 2976 1784 3058 singulis
1839 2975 2361 3057 narratiunculis,
2425 2976 2652 3058 quibus
2706 2984 3122 3061 praepostera

778 3080 948 3144 facta
989 3077 1276 3160 Margitis
1332 3077 1415 3141 ab
1473 3077 1607 3142 eius
1661 3079 1935 3162 pueritia
1980 3097 2182 3160 usque
2223 3076 2308 3142 ad
2352 3084 2741 3143 senectutem
2754 3079 2796 3155 ⁵)
2844 3099 3119 3162 expone·
3220 3120 3231 3137 .

778 3181 1030 3245 bantur.
1128 3179 1327 3260 Nam,
1403 3198 1594 3261 quum
1655 3180 2107 3263 patrimonium
2159 3199 2462 3261 magnum
2517 3179 2954 3265 imprudenter
3014 3180 3167 3259 de·‚

779 3288 1093 3364 vorasset,
1152 3280 1384 3346 frustra
1438 3280 1524 3345 ad
1580 3280 1779 3359 varia,
1817 3278 2067 3364 opificia
2119 3280 2457 3346 tractanda
2470 3281 2514 3359 ⁰)
2572 3302 2642 3347 se
2695 3283 2971 3347 accinxit
3026 3283 3116 3347 ita

917 3501 951 3558 ¹)
990 3501 1222 3550 Socrates
1249 3498 1535 3564 platonicus
1559 3496 1668 3549 Alc.
1691 3498 1762 3560 II,
1799 3514 1847 3563 p.
1877 3501 1988 3551 147.
2024 3491 2222 3552 ἐκεῖνος
2253 3494 2360 3565 γάρ
2387 3492 2660 3566 (Ὅμηρος)
2697 3493 2845 3548 ἔστιν
2881 3494 2907 3548 ὅ
2945 3497 3114 3564 λέγων

781 3581 880 3635 τὸν
900 3581 1193 3652 Μαργίτην
1214 3579 1384 3634 πολλὰ
1418 3580 1521 3650 μὲν
1555 3579 1905 3640 ἐπίστασθαι,
1943 3584 2118 3637 κακῶς
2154 3580 2212 3634 δὲ
2249 3580 2427 3651 (φησί)
2463 3578 2643 3632 πάντα
2678 3578 2954 3633 ἐπίστατο.
3005 3585 3112 3634 Νιι·

781 3687 941 3720 meros
977 3670 1204 3719 restituit
1239 3667 1470 3720 WolfiuS.
1608 3667 1645 3732 ²)
1681 3668 1894 3718 Aristot.
1931 3669 2051 3719 Eth.
2086 3667 2177 3729 VI,
2227 3670 2274 3719 7.
2324 3673 2376 3717 et
2410 3667 2637 3717 Clemens
2673 3668 2811 3717 Alex.
2850 3669 3032 3719 Strom.
3069 3670 3111 3728 Ι,

779 3770 829 3820 p.
857 3756 971 3806 281.
1008 3753 1309 3820 Imperfecto
1346 3748 1661 3820 (ἡμάρτανε)
1697 3769 1818 3802 usus
1854 3756 1929 3802 est
1963 3756 2113 3818 poeta
2146 3757 2206 3803 ut
2241 3752 2605 3803 demonstraret
2639 3752 2702 3801 ab
2739 3753 2840 3802 alio
2876 3753 2940 3803 ad
2974 3753 3112 3803 aliud

778 3839 1039 3904 opificium
1061 3839 1330 3902 Margitem
1365 3838 1620 3889 transisse.
1682 3837 1908 3887 Hesiodo
1942 3839 2034 3888 hos
2068 3854 2237 3889 versus
2274 3837 2492 3888 tribuere
2527 3838 2743 3888 Dionem
2778 3837 2951 3905 Chrys.
2987 3844 3110 3888 orat.

665 3952 686 3959 -
778 3925 894 3974 VII.
931 3929 967 3974 t.
1004 3924 1046 3973 I.
1082 3939 1133 3988 p.
1175 3926 1285 3974 140.
1311 3923 1510 3986 (Emp.)
1551 3922 1682 3972 dixit
1714 3921 1924 3972 Falbius
1961 3923 2040 3986 (de
2069 3923 2287 3985 Margite
2322 3938 2371 3987 p.
2416 3925 2493 3974 10.
2532 3924 2648 3986 19.),
2685 3928 2738 3972 at
2773 3939 2873 3972 non
2909 3923 2985 3972 ita
3020 3928 3110 3975 est.

779 4010 877 4060 Dio
913 4009 1047 4059 enim
1081 4008 1138 4057 in
1173 4013 1337 4058 mente
1372 4008 1553 4058 habuit
1585 4007 1707 4058 Hes.
1744 4008 1838 4072 Op.
1875 4010 2008 4072 311„
2044 4012 2218 4072 postea
2253 4007 2451 4057 demum
2486 4007 2546 4056 de
2581 4007 2799 4072 Margite
2835 4007 3023 4057 dicens.

776 4094 812 4158 3)
848 4095 966 4144 Non
1000 4092 1273 4143 Aeschines
1320 4092 1428 4156 ipse
1476 4098 1532 4140 ut
1565 4091 1755 4156 legitur
1788 4107 1868 4157 ap.
1907 4092 2143 4141 Photium
2177 4091 2238 4141 L.
2295 4107 2346 4142 v.
2383 4093 2682 4158 Μαργίτης.
2820 4091 2860 4151 ⁴)
2897 4092 2982 4142 Sic
3019 4108 3111 4157 pro

776 4176 1063 4247 μαργίζειν
1098 4192 1178 4241 ap.
1214 4175 1522 4241 Hesychium
1557 4176 1817 4226 invenitur
1848 4174 2135 4242 μεργίζειν.
2273 4175 2309 4233 ⁵)
2346 4176 2497 4242 Apud
2530 4176 2762 4226 Tzetzam
2807 4176 2924 4240 plus
2960 4177 3112 4227 semel

778 4263 1053 4314 senectutis
1096 4260 1345 4324 Margitae
1391 4261 1581 4311 mentio
1626 4260 1762 4310 sacta
1808 4264 1898 4310 est.
2037 4262 2075 4323 6)
2128 4259 2374 4312 Similiter
2418 4262 2698 4326 Hipponax
2741 4261 2905 4313 LVII.
2952 4261 3107 4311 Mein.

776 4347 1053 4417 κατέφαγε
1089 4343 1154 4409 δὴ
1193 4342 1291 4396 τὸν
1324 4344 1522 4412 κλῆρον
1560 4339 1695 4394 ὥστ’
1735 4340 1901 4412 ἐχρῆν
1936 4341 2208 4397 σκάπτειν.
3064 4351 3093 4387 3
