3499 5219
1268 414 1833 479 —185-—

380 587 621 671 aegida
664 605 807 652 cum
852 584 1193 667 Gorgoneo
1238 583 1638 649 substituisse
1678 581 1936 648 videtur
1979 585 2062 659 (v.
2093 581 2368 647 Pausan.
2416 582 2468 665 Ι,
2515 586 2616 666 21,
2665 587 2723 646 4.

381 691 461 772 V,
513 693 610 771 12,
656 690 762 764 2.).
2750 695 2755 700 ’

556 792 635 855 In
664 788 955 855 adversis
986 786 1404 854 daemonibus
1434 787 1517 852 ab
1551 793 1810 852 auctore
1835 786 2143 852 Fornacis
2187 787 2502 869 profertur
2532 788 2724 852 etiam

384 894 695 960 Sabactes
724 912 785 956 v.
809 893 903 973 9.;
947 888 1121 971 quod
1148 890 1528 968 vocabulum
1558 903 1752 971 quum
1784 886 2208 954 derivandum
2236 888 2320 954 sit
2346 909 2388 954 a
2417 886 2726 971 σαβάζειν

383 994 493 1075 (de
522 1014 645 1077 quo
675 994 875 1058 verbo
906 1010 1113 1075 nuper
1144 990 1420 1056 diximus
1465 998 1968 1074 programmate:
2015 989 2095 1055 dc
2121 989 2367 1052 'Bacide
2390 989 2722 1074 fatiloquo

383 1117 450 1181 p.
498 1102 581 1172 7.)
624 1094 932 1161 indicium
978 1100 1076 1160 est
1116 1093 1311 1159 etiam
1367 1092 1671 1176 temporis
1714 1092 1994 1158 Homero
2036 1091 2372 1157 inferioris.
2462 1091 2729 1158 Constat

385 1198 558 1265 enim
601 1197 841 1263 Bacchi
880 1215 1136 1278 nomen,
1182 1192 1354 1276 quod
1381 1194 1642 1260 Homeri
1684 1195 1883 1260 aetati
1922 1195 2211 1276 ignotum
2251 1194 2388 1276 fuit,
2435 1194 2729 1260 derivan-

386 1299 539 1365 dum
584 1319 727 1366 esse
769 1298 853 1364 ab
899 1297 1126 1364 eodem
1168 1296 1482 1361 vocabulo
1527 1294 1834 1378 σαβάζειν
1864 1296 1971 1362 vel
2001 1316 2043 1360 a
2071 1294 2194 1361 deo
2224 1295 2516 1361 SabaziO.
2585 1295 2728 1360 Nisi

389 1401 550 1467 forte
593 1399 1002 1467 scribendum
1046 1404 1143 1464 est
1186 1393 1551 1482 Βαβοὶκτης.

556 1502 660 1568 Ab
704 1501 965 1568 Homeri
1021 1507 1236 1566 aetate
1288 1519 1477 1584 porro
1534 1500 1882 1565 abhorrent
1938 1496 2155 1575 καλῶς
2211 1518 2272 1561 v.
2318 1502 2377 1563 4.
2436 1506 2500 1566 et
2541 1502 2726 1584 τέχνῃ

381 1626 445 1670 v.
498 1609 594 1670 10.
640 1604 851 1688 prima
895 1602 1152 1687 syllaba
1194 1610 1503 1686 correpta.

555 1705 687 1772 Sed
753 1724 910 1788 prae
973 1704 1200 1770 ceteris
1265 1702 1351 1769 ad
1414 1702 1656 1767 seriora
1725 1709 2016 1785 tempora
2084 1702 2339 1767 videtur
2409 1703 2730 1786 pertinere

384 1806 720 1893 κάναστρα
763 1807 935 1890 quod
988 1825 1160 1871 nunc
1212 1804 1366 1871 inde
1420 1805 1504 1870 ab
1548 1804 1799 1887 Ilgenio
1854 1804 1984 1887 legi
2026 1804 2192 1869 solet
2232 1823 2294 1869 v.
2341 1808 2431 1886 3.,
2489 1804 2606 1871 sed
2659 1807 2730 1872 in

381 1915 628 1977 textum
694 1909 1018 1975 invectum
1083 1928 1165 1975 ex
1218 1907 1483 1973 Polluce
1537 1906 1634 1988 X,
1695 1909 1797 1971 85.
1813 1954 1830 1988 ‚
1895 1926 2089 1989 quum
2146 1906 2297 1971 Vita
2352 1906 2613 1974 Homeri
2668 1915 2732 1974 et

383 2011 619 2078 Suidas
662 2011 948 2077 habeant
990 2007 1211 2076 πάντα
1252 2001 1401 2089 μάλ’
1466 2006 1577 2092 ἶρά
1630 2028 1745 2092 pro
1802 2004 2022 2071 πάντα
2078 2004 2428 2091 κάναστρα.
2517 2008 2731 2092 Atque

385 2114 509 2179 hoc
549 2114 691 2198 ipso
732 2113 994 2180 nomine
1037 2113 1147 2195 qui
1188 2131 1340 2176 usus
1383 2111 1467 2176 sit
1520 2110 1895 2195 scriptorum
1939 2107 2069 2174 scio
2112 2110 2433 2176 neminem
2476 2117 2732 2195 praeter

383 2215 713 2281 Pollucem
755 2215 865 2298 qui
905 2214 999 2279 ita
1040 2213 1199 2279 alibi
1240 2211 1396 2277 dicit
1424 2212 1535 2294 VI,
1569 2216 1704 2278 86.:
1745 2212 1955 2275 ταῦτα
1997 2208 2071 2277 δὲ
2116 2204 2242 2274 ὅσα
2283 2209 2452 2277 κατὰ
2482 2209 2730 2297 φιάλας

389 2313 833 2392 ἆνεπέπτατο,
877 2316 985 2380 καὶ
1028 2312 1360 2397 κάναστρα
1403 2310 1790 2395 καλούμενα,
1837 2305 2050 2396 εὑρεῖν
2095 2311 2238 2376 ἔστι
2294 2311 2481 2397 παρὰ
2525 2306 2731 2379 Νικο-

390 2419 604 2503 φῶντι
647 2419 740 2501 τῷ
784 2418 1072 2499 κωμικῷ,
1120 2411 1210 2493 ὥς
1252 2412 1439 2496 παρὰ
1483 2411 1790 2500 Κρατίνῳ
1836 2411 2140 2499 βαλάνων
2186 2410 2419 2496 ἅβακα,
2479 2436 2561 2483 ex
2605 2437 2729 2501 quo

385 2521 527 2586 loco
571 2519 681 2603 qui
724 2520 1193 2603 Nicophontem
1249 2518 1493 2584 dixisse
1533 2515 1868 2600 κάναστρα
1911 2514 2349 2600 concluderet,
2407 2517 2476 2583 in
2521 2537 2732 2587 errore

384 2630 765 2690 versaretur.
884 2623 1112 2705 Neque
1195 2620 1502 2705 Hesychii
1584 2620 1834 2704 glossa:
1917 2617 2313 2702 κάναστρον,
2389 2614 2729 2705 ὄστρακον,

384 2726 715 2808 τρυβλίον,
760 2725 999 2789 κανοῦν
1041 2722 1129 2790 ad
1169 2723 1380 2789 locum
1422 2721 1731 2785 For-nocis
1772 2720 2068 2806 pertinet.
2140 2722 2483 2789 Praeterea
2524 2744 2735 2808 neque

387 2824 661 2903 κότυλος
715 2830 801 2905 (V.
848 2828 932 2903 3.)
988 2825 1311 2891 invenitur
1366 2823 1542 2908 apud
1597 2823 2018 2905 antiquiores,
2074 2843 2190 2906 pro
2248 2843 2372 2906 quo
2416 2824 2733 2893 Homerus

388 2929 587 2995 habet
628 2925 885 3012 κοτύλη.
956 2928 1193 2993 Verum
1239 2927 1379 3010 ipse
1416 2931 1638 2991 auctor
1679 2924 1977 2990 carminis
2005 2925 2376 3007 Figulorum
2418 2924 2733 3004 κοτύλους

388 3027 649 3105 πάντας
690 3049 823 3095 non
864 3050 1059 3095 unam
1101 3029 1474 3113 poculorum
1500 3025 1781 3109 speciem
1823 3026 2143 3092 intellexit
2184 3026 2301 3093 sed
2330 3028 2546 3093 omnia
2575 3049 2735 3096 vasa

392 3151 428 3198 e
472 3131 703 3214 quibus
743 3127 1018 3214 bibitur3
1072 3150 1150 3196 ac
1194 3128 1364 3212 quod
1406 3127 1699 3194 scribitur
1758 3114 1826 3192 εῧ
1887 3126 1960 3191 δὲ
2013 3124 2408 3209 μελανθεῒεν
2466 3127 2734 3195 κότυλοι

390 3233 568 3318 apud
610 3231 1004 3298 Herodotum
1045 3251 1177 3296 non
1221 3230 1498 3297 debebat
1541 3229 1874 3296 sollicitari
1916 3236 2177 3312 propter
2220 3229 2461 3296 Suidae
2515 3232 2736 3298 lectio·

393 3355 544 3401 nem
600 3338 1006 3416 μαρανθεῖεν
1061 3339 1173 3397 aut
1225 3332 1505 3398 Pollucis
1565 3334 1985 3412 περανθεῖεν.
2075 3330 2502 3397 Μελανθεῖεν
2561 3335 2732 3401 enim

393 3437 535 3503 sine
580 3435 775 3501 dubio
819 3435 1050 3500 dicitur
1094 3433 1178 3500 de
1217 3436 1399 3517 niqra
1446 3434 1672 3505 colore,
1731 3452 1856 3515 quo
1898 3431 2117 3498 induci
2159 3454 2201 3499 a
2244 3436 2592 3517 pictoribus
2637 3456 2733 3502 so·

389 3540 619 3606 lebant
659 3557 820 3603 vasa
861 3536 1060 3602 semel
1104 3543 1300 3618 cocta,
1345 3541 1415 3600 ut
1456 3541 1683 3618 postea
1712 3533 1922 3600 denuo
1965 3534 2331 3602 fornacibus
2372 3538 2736 3620 ingereren-

392 3649 497 3706 tur
553 3639 655 3718 (cf.
716 3637 797 3705 de
851 3638 1057 3704 altera
1111 3639 1397 3704 coctione
1454 3657 1754 3702 vasorum
1810 3633 1882 3702 Ο.
1940 3636 2237 3702 Iahnium
2292 3658 2430 3704 vas.
2486 3639 2732 3705 Ludov.

392 3764 457 3827 p.
515 3740 787 3817 CXLI.).
885 3740 987 3806 De
1041 3739 1163 3804 hoc
1214 3736 1407 3819 igitur
1459 3744 1816 3805 atramento
1873 3738 2186 3821 pictorum
2241 3739 2735 3824 intelligendum

393 3849 535 3911 erat
575 3842 969 3924 μελανθεῒεν
1011 3859 1143 3905 non
1187 3837 1269 3903 de
1310 3838 1466 3903 fumi
1508 3840 1786 3923 nigritia.
1872 3839 2059 3918 Quod
2103 3840 2158 3905 si
2199 3861 2418 3907 verum
2465 3849 2562 3910 est
2605 3865 2737 3910 non

395 3943 660 4010 dubium
704 3961 846 4009 esse
887 3939 1142 4006 videtur
1170 3941 1324 4023 quin
1367 3947 1539 4007 recte
1568 3942 1761 4008 etiam
1803 3942 2044 4007 habeat
2086 3943 2400 4026 scriptura
2428 3944 2737 4011 Herodoti

395 4053 462 4113 et
503 4043 744 4111 Suidae
785 4042 893 4107 καὶ
938 4038 1160 4106 πάντα
1201 4034 1349 4122 μάλ’
1401 4039 1526 4124 ἱρά.
1613 4038 1775 4127 Ἱερά
1819 4043 1989 4108 enim
2035 4046 2390 4128 (supplebis
2433 4047 2626 4132 igitur
2667 4054 2737 4113 ut

392 4145 645 4213 lubebit
685 4145 793 4212 vel
836 4151 1167 4228 κεραμεῖα,
1211 4144 1316 4210 vel
1363 4134 1607 4228 ἀγγεῖα,
1652 4147 1759 4212 vel
1805 4141 2018 4229 σκεύη)
2062 4145 2355 4230 inprimis
2399 4155 2547 4215 sunt
2573 4169 2738 4216 vasa

394 4246 877 4314 Panathenaica
906 4238 1171 4328 (ὑδρίαι,
1217 4244 1533 4323 καλπίδες
1560 4266 1622 4312 v.
1656 4246 1908 4313 Gallim.
1941 4248 2194 4331 Fragm.
2227 4250 2436 4315 Bentl.
2467 4270 2529 4332 p.
2562 4251 2734 4329 490.)

394 4368 561 4432 quae
605 4349 740 4412 oleo
769 4367 953 4411 sacro
996 4347 1481 4431 complebantur
1508 4349 1857 4415 victoribus
1901 4354 1986 4428 (v.
2018 4347 2093 4415 Ο.
2125 4351 2307 4416 Iahn.
2339 4351 2383 4415 l.
2413 4352 2456 4415 l.
2487 4372 2551 4434 p.
2582 4349 2734 4431 ΟΕ).
