3499 5219
1575 1439 1911 1508 CAROLO
1957 1439 2423 1508 FRIDERICO

817 1599 935 1648 1²10
963 1598 1160 1648 IUSTO
1192 1597 1570 1647 CONSTANTI
1610 1596 1852 1644 MAGNO
1883 1596 2049 1644 DUCI
2077 1597 2417 1645 SAXONIAE
2446 1597 2739 1647 RECTORI
2765 1600 3157 1650 ACADEMIAE

816 1700 1125 1750 IENENSIS
1165 1698 1854 1749 MAGNIFIOENTISSIMO
1901 1697 2207 1757 QUINTUM
2236 1699 2586 1748 REGIMJNIS
2614 1701 2702 1747 ΕΤ
2728 1701 3157 1751 RECTORATUS

815 1803 1125 1853 LUSTRUM
1165 1802 1582 1850 FELICISSIME
1628 1800 1985 1848 CONDITUM
2028 1801 2256 1847 SUMMA
2311 1801 2450 1861 CUM
2501 1802 2789 1850 PIETATE
2828 1803 2917 1851 Ac
2960 1804 3157 1852 REVE·

815 1905 1065 1953 RENTIA
1108 1904 1695 1954 GONGRATULATUR
1742 1902 2147 1950 PROREOTOR
2186 1903 2274 1950 ET
2297 1884 2611 1951 'SENATUS
2654 1904 3156 1954 UNIVERSITATIS

1593 2003 2022 2052 LITTERARUM
2063 2003 2386 2052 IENENSIS.

1661 2152 1830 2189 IENAE
1864 2152 1917 2189 D.
1956 2148 2018 2188 15.
2053 2150 2167 2189 nm.
2207 2145 2320 2187 1853.

1366 2329 1645 2389 Lustrum
1685 2327 1970 2387 tumultus
2013 2327 2321 2404 splendide
2366 2328 2578 2389 Gallici

1368 2414 1419 2476 Ο
1464 2414 1702 2474 Phoebe
1745 2430 1967 2472 vernae
2004 2412 2446 2489 defugientibus

1450 2501 1647 2559 Horae
1692 2496 1897 2558 orbitis
1939 2498 2054 2557 iam
2097 2500 2422 2576 eonditure,

1534 2583 1859 2645 Attonitum
1899 2579 2120 2661 gladio
2140 2602 2250 2662 per
2293 2585 2495 2646 orbem

1366 2771 1520 2845 Quid
1566 2771 1899 2832 contueris?
1986 2770 2199 2849 Gallia,
2244 2789 2396 2846 quae
2441 2771 2611 2832 ferox

1364 2856 1520 2918 Olim
1561 2874 1881 2933 reposeens
1923 2856 2055 2915 iura
2097 2856 2368 2915 licentiae

1446 2943 1763 3019 Regesque
1808 2942 2129 3001 deturbans
2172 2942 2360 3000 avitos

1535 3027 1889 3103 Sanguineis
1930 3025 2184 3086 ululavit
2224 3027 2421 3104 armis,

1363 3212 1675 3286 Quiritium
1717 3212 1820 3272 vix
1863 3231 2017 3288 quae
2062 3211 2174 3271 fuit
2214 3212 2445 3272 aemula

1364 3298 1695 3374 Graiaeque
1740 3298 1893 3374 legis
1935 3296 2103 3356 finxit
2147 3297 2476 3376 imaginem,

1447 3383 1807 3460 Procumbit,
1855 3383 2074 3459 unique
2118 3381 2431 3459 imperanti

1533 3470 1707 3527 Nune
1752 3468 1962 3527 iterum
2004 3466 2298 3527 taciturna
2340 3472 2528 3545 paret.

1362 3655 1627 3713 Romana
1669 3655 1858 3731 pubes
1901 3653 2234 3730 pontificem
2276 3672 2445 3714 suum

1363 3738 1493 3812 Quo
1537 3739 1823 3799 mitiorem
1865 3757 1984 3798 non
2025 3739 2160 3799 tulit
2199 3741 2504 3799 Ausonum

1448 3824 1677 3902 TelluS,
1718 3825 2094 3901 peregrinam
2137 3825 2471 3885 exulantem

1529 3908 1684 3969 Liris
1728 3909 2053 3969 arundiferi
2095 3929 2206 3987 per
2248 3928 2410 3969 oram

1365 4096 1540 4155 Nune
1585 4094 1803 4155 exteris
1847 4094 2037 4154 fracta
2081 4115 2117 4154 a
2158 4096 2489 4172 legionibus

1364 4180 1549 4241 Muris
1592 4180 1817 4257 recepit
1862 4199 2035 4256 quem
2075 4184 2488 4258 temeraverat,

1422 4265 1735 4341 -Piumque
1779 4264 1880 4324 vix
1923 4264 2170 4343 perfert,
2216 4265 2547 4342 Superbum

1533 4350 1905 4409 Romulidum
1948 4350 2132 4410 veluti
2174 4355 2509 4427 tyrannum.
