3499 5219
771 1466 841 1534 G.
907 1464 1363 1531 GoEmmGn
1436 1477 1690 1526 omno
1764 1478 1953 1537 QUAM
2015 1477 2456 1525 INAUGURATO
2519 1477 2714 1524 mxu*
2785 1477 2858 1522 m
2929 1475 3109 1521 Anu

770 1582 1167 1634 AOADEMIGA
1222 1581 1410 1641 QUUM
1466 1579 1721 1627 ITERUM
1781 1564 2246 1640 (mcccxxxv)
2297 1580 2343 1625 A
2387 1577 2836 1626 sunnmssnns
2877 1578 3111 1625 mirm-

1277 1656 1567 1731 Tomssus
1610 1682 2017 1730 PRoREc‘rOR
2060 1682 2360 1729 CREATUs
2402 1681 2620 1729 ESSET.

942 1855 1170 1920 Annus
1211 1852 1407 1918 hodie
1448 1858 1708 1918 exactus
1752 1858 1878 1933 est,
1931 1849 2273 1916 Auditores
2316 1851 2597 1915 omnium
2640 1851 2934 1916 ordinum
2977 1852 3112 1933 plu-

769 1958 1000 2023 rimum
1043 1954 1325 2035 colendi,
1384 1974 1466 2020 ex
1510 1973 1665 2036 quo,
1726 1973 1920 2036 quum
1961 1953 2167 2018 fasces
2222 1953 2573 2019 academici
2629 1955 2902 2036 primum
2958 1953 3113 2016 mihi

771 2057 992 2124 traditi
1035 2056 1386 2123 secundum
1427 2057 1607 2138 leges
1649 2062 1891 2137 essent,
1946 2075 2062 2139 pro
2119 2056 2401 2121 muneris
2442 2056 2827 2121 Prorectoris
2845 2054 3115 2120 oAcade-

772 2160 942 2226 miae
984 2158 1276 2225 Ienensis
1320 2156 1543 2240 officio,
1595 2177 1677 2223 ex
1719 2158 1842 2222 hoc
1883 2158 2025 2241 ipso
2066 2158 2208 2222 loco
2253 2165 2560 2240 augurato
2603 2159 2785 2223 verbi
2825 2157 2967 2239 feci,
3025 2164 3110 2238 ut,

773 2281 880 2327 me
922 2260 1279 2343 suscepisse
1319 2280 1632 2324 summum
1674 2259 1863 2325 huius
1904 2259 2294 2326 Academiae
2334 2262 2790 2342 magistratum,
2837 2258 3111 2342 publice,

772 2370 843 2429 ut
884 2364 1063 2446 leges
1105 2367 1363 2426 nostrae
1403 2360 1654 2443 iubent,
1701 2362 2165 2427 renunciarem.
2249 2364 2460 2443 Atque
2501 2369 2636 2427 tum
2679 2361 2937 2444 quidem
2983 2359 3115 2424 dixi

778 2465 861 2531 de
902 2463 1183 2547 antiquis
1209 2462 1701 2528 Academiarum
1743 2463 2254 2545 germanicarum,
2291 2463 2616 2544 institutis,
2663 2482 2928 2545 quarum
2973 2483 3114 2527 cau-

774 2586 942 2649 sam,
1003 2584 1197 2648 quum
1238 2563 1607 2631 viderentur
1661 2565 1745 2630 ab
1802 2564 2137 2631 invidiosis
2193 2566 2411 2632 virtuti
2467 2565 2831 2631 hominibus
2848 2614 2864 2647 ,
2920 2585 3115 2630 nova-

775 2686 1040 2749 rumque
1080 2687 1289 2733 rerum
1343 2665 1701 2750 improvide
1755 2666 2002 2750 cupidis
2057 2688 2304 2733 summa
2357 2667 2593 2732 iniuria
2645 2667 2935 2733 infestari
2951 2716 2968 2749 ,
3025 2667 3116 2731 ita

777 2774 1043 2834 conatus
1078 2788 1217 2834 sum
1247 2787 1456 2851 agere,
1503 2767 1666 2832 nihil
1707 2774 1779 2833 ut
1821 2769 2196 2834 mutandum
2239 2789 2382 2835 esse
2423 2770 2491 2834 in
2535 2769 2835 2836 universa
2875 2777 3119 2835 nostro-

776 2891 917 2935 rum
969 2869 1444 2936 academiarum
1499 2867 1708 2952 effigie
1773 2871 2280 2953 comprobarem,
2354 2871 2409 2935 si
2480 2872 2754 2954 priscam
2823 2872 3116 2954 gloriam,

776 2978 1039 3057 propter
1083 2971 1405 3054 egregiam
1446 2971 1801 3036 litterarum
1843 2973 2152 3037 culturam
2196 2973 2433 3055 optimo
2474 2973 2610 3039 iure
2654 2980 2902 3056 partam
2916 3021 2932 3054 ,
2993 2993 3119 3039 ser-

778 3093 933 3140 vare
975 3073 1175 3139 vellet
1218 3073 1583 3139 Germania.
1629 3108 1712 3118 —
1756 3072 1943 3152 Quod
1994 3081 2127 3139 tum
2170 3075 2546 3140 verebamur
2560 3123 2578 3157 ,
2636 3096 2873 3159 magna
2925 3082 3118 3158 atque

776 3174 1000 3260 gravia
1070 3180 1374 3239 novatum
1445 3174 1523 3238 iri
1593 3175 1661 3238 in
1731 3175 2010 3257 antiquis
2081 3174 2551 3241 academiarum
2613 3178 3117 3259 germanicarum

774 3276 1100 3357 institutis,
1158 3295 1290 3340 non
1334 3276 1645 3357 evenisse,
1707 3282 1805 3343 est
1849 3296 2005 3342 sane
2049 3276 2219 3359 quod
2262 3278 2588 3361 laetemur,
2635 3286 2732 3345 est
2776 3280 2947 3361 quod
2989 3281 3118 3346 lae-

777 3385 982 3444 temur
1038 3378 1121 3443 de
1174 3376 1532 3460 principum
1586 3383 1942 3443 nostrorum
1986 3378 2333 3462 sapientia,
2392 3380 2500 3461 qui
2556 3400 2688 3444 non
2742 3383 2917 3463 passi
2972 3388 3119 3447 sunt

779 3500 850 3546 se
906 3480 1077 3545 vinci
1130 3478 1214 3543 ab
1269 3465 1759 3544 obtrectatorum
1813 3480 2368 3545 insinuationibus.
2474 3481 2740 3544 Illaesus
2795 3490 2892 3549 est
2947 3484 3117 3549 enim

780 3583 1019 3644 animus
1034 3631 1050 3658 ,
1094 3582 1389 3642 intactum
1433 3587 1531 3645 est
1570 3601 1683 3643 cor
1725 3581 2197 3647 academiarum
2212 3630 2229 3664 ,
2275 3583 2477 3666 quod,
2522 3586 2578 3649 si
2621 3584 2776 3667 quid
2817 3585 2975 3650 forte
3010 3585 3119 3649 ad-

780 3682 983 3748 ditum
1024 3683 1125 3763 sit,
1170 3702 1296 3765 quo
1324 3682 1559 3747 arctius
1588 3683 2103 3765 constringantur
2132 3686 2410 3767 corporis
2455 3685 2590 3751 eius
2633 3693 2807 3752 artus
2852 3687 3116 3768 externi,

777 3785 870 3850 ita
919 3784 1252 3868 praevalet
1306 3783 1681 3850 salubritate
1735 3791 1929 3867 atque
1983 3785 2418 3852 incolumitate
2474 3789 2806 3870 sanguinis
2862 3789 2990 3870 sui,
3051 3795 3122 3853 ut

777 3886 1085 3969 temporis
1137 3884 1406 3951 decursu
1460 3885 1651 3950 facile
1706 3906 1784 3950 ac
1834 3885 2080 3951 fortiter
2121 3888 2323 3970 possit
2364 3889 2684 3955 eiaculari.
2773 3890 2960 3969 Quod
2998 3892 3120 3955 hoc

781 4007 1041 4071 possum
1097 4007 1178 4054 ex
1221 3987 1450 4053 eodem
1492 3987 1632 4053 loco
1676 3986 1869 4053 hodie
1911 3987 2052 4071 ipse
2092 3991 2543 4073 pronunciare,
2603 3998 2671 4056 ut
2725 4012 2855 4057 non
2911 3992 3120 4057 tribuo

779 4090 1019 4155 meritis
1074 4089 1235 4155 meis
1291 4088 1383 4154 sic
1436 4110 1568 4154 non
1622 4090 1831 4154 tribuo
1893 4088 2185 4155 fortunae
2238 4110 2440 4157 meae.
2537 4093 2876 4177 Inopinato
2950 4095 3119 4166 enim

778 4189 1013 4257 accidit
1056 4189 1225 4271 quod
1268 4190 1493 4254 iterum
1536 4191 1868 4257 Prorector
1910 4197 2158 4257 creatus
2202 4213 2339 4258 sum
2384 4215 2425 4259 a
2469 4195 2890 4261 serenissimis
2933 4197 3122 4261 huius

775 4291 1170 4359 Academiae
1226 4292 1656 4357 nutritoribus.
1744 4291 1952 4371 Quum
2011 4294 2201 4386 igitur
2257 4295 2427 4361 hunc
2483 4298 2918 4380 magistratum
2977 4303 3122 4380 post
