3499 5219
1626 365 2193 429 ——268—

742 533 882 612 Quo
942 531 1142 614 dicto,
1211 530 1382 613 quod
1436 550 1553 614 pro
1607 550 1782 598 mero
1838 530 2403 614 interpretamento
2459 530 2595 597 noti
2659 548 2883 595 versus
2935 530 3132 594 Par--

740 632 1018 700 menidis
1073 652 1261 698 nemo
1314 631 1609 714 habebit,
1666 632 1984 697 lucramur
2037 652 2274 698 novum
2328 653 2584 698 versum
2641 632 2830 697 huius
2884 632 3087 714 philo-

742 736 928 820 sophi
972 732 1379 800 adiciendum
1423 735 1484 799 ei
1527 753 1713 815 quem
1757 735 1944 799 Plato
1999 742 2063 800 et
2104 735 2481 800 Aristoteles
2538 740 2753 816 (atque
2808 735 2913 799 hic
2952 735 3087 816 qui-

745 837 891 904 dem
936 857 1012 903 eo
1055 837 1196 920 ipso
1238 837 1381 899 loco
1426 835 1527 900 cui
1569 836 1860 901 scholion
1904 856 2085 901 suum
2129 836 2469 920 adscripsit
2512 856 2873 920 anonymus
2914 837 3086 901 Pari·

743 940 994 1015 siensis)
1038 938 1224 1003 nobis
1269 946 1737 1012 *conservarunt
1795 943 1879 1015 (V.
1944 941 2081 1003 131.
2140 938 2241 1004 ed.
2298 938 2363 1004 S.
2407 937 2780 1019 Karstenii),
2826 945 2897 1004 ut
2937 941 3083 1005 Par-

742 1040 1017 1107 menidis
1061 1039 1378 1105 distichon
1420 1058 1590 1102 nunc
1633 1038 1715 1103 sit
1758 1038 1908 1103 hoc:

1075 1146 1447 1229 Πρῶτιστον
1486 1146 1599 1224 μὲν
1628 1142 1871 1226 ’Έρωτα
1916 1152 2085 1208 θεῶν
2123 1148 2425 1229 μητίσατο
2470 1146 2736 1223 πάντων,

1074 1233 1535 1314 Δημιοεργῆσαι
1582 1231 1649 1292 δὲ
1692 1230 1762 1293 τὸ
1807 1238 1930 1292 πᾶν
1972 1232 2080 1294 τὸν
2122 1237 2298 1295 θεῖον
2337 1233 2557 1316 ἔρωτα.

744 1347 987 1412 Horum
1052 1363 1348 1410 versuum
1417 1342 1736 1407 sententia
1797 1343 1958 1408 haec
2027 1351 2154 1409 est:
2228 1345 2506 1424 (Numen
2573 1345 3083 1423 Parmenideum)

714 1449 1018 1533 'primum
1090 1446 1372 1510 omnium
1436 1445 1734 1508 Amorem
1799 1446 2020 1526 genuit
2032 1494 2048 1527 ,
2117 1465 2386 1528 eumque
2451 1467 2733 1512 amorem
2804 1447 3083 1513 divinum

745 1550 1101 1633 gubernare
1144 1548 1346 1612 voluit
1374 1544 1710 1629 mundum;
1759 1544 2219 1631 δεμιοεργῆσᾳι
2251 1547 2492 1630 pendet
2519 1548 2602 1614 ab
2634 1549 2861 1615 eodem
2892 1549 3084 1616 verbo

743 1639 1087 1735 μηὲίσατυ,
1135 1647 1308 1731 quod
1350 1648 1782 1712 accusativum
1815 1644 2062 1728 Ἔρωτα
2107 1650 2350 1714 aseivit.
2410 1650 2657 1715 Eadem
2691 1652 3082 1736 δημιουργοῦ

746 1751 1208 1837 significatione
1250 1750 1445 1814 utitur
1487 1750 1789 1814 Timaeus
1832 1750 2272 1834 Pythagoreus
2316 1751 2489 1835 apud
2533 1753 2888 1817 Platonem.

916 1852 1222 1943 Videmus
1248 1851 1441 1934 igitur
1468 1851 1774 1933 pictorem
1802 1852 1986 1917 illum
2013 1852 2591 1936 ingeniosissimum
2620 1853 2817 1918 fuisse
2846 1859 2910 1918 et
2936 1873 3084 1918 vere

748 1956 1217 2040 philosophum.
1271 1972 1274 1975 ·
1319 1953 1456 2016 Iam
1517 1971 1670 2018 vero
1735 1972 1927 2035 quum
1985 1954 2140 2018 satis
2195 1961 2442 2020 constet
2498 1955 2760 2037 egregia
2827 1953 3084 2018 artificia

747 2077 911 2140 quae
955 2055 1234 2120 omnium
1277 2055 1658 2138 applausum
1703 2055 2000 2120 tulissent
2053 2062 2313 2139 propter
2367 2056 2574 2139 ipsam
2632 2077 2852 2122 eorum
2897 2056 3081 2138 signi-

748 2158 1107 2224 ficationem
1148 2156 1515 2239 formaeque
1559 2157 1948 2238 elegantiam
1990 2158 2266 2240 repetita
2307 2156 2502 2223 fuisse
2542 2158 2626 2222 ab
2668 2158 2816 2222 aliis
2844 2156 3084 2222 artifici-

748 2261 869 2325 bus
911 2260 1177 2342 graecis,
1223 2258 1445 2341 paucis
1488 2264 1705 2322 tamen
1749 2257 2131 2339 quibusdam
2160 2279 2275 2342 pro
2305 2260 2398 2324 rei
2426 2268 2657 2324 natura
2684 2260 2790 2324 vel
2834 2260 3083 2324 mutatis

747 2363 853 2427 vel
883 2361 1140 2442 additis,
1187 2360 1532 2425 verisimile
1560 2359 1830 2441 videtur,
1880 2360 2072 2424 etiam
2102 2361 2270 2426 hanc
2298 2362 2609 2444 picturam
2651 2363 2744 2425 ita
2771 2362 3085 2444 placuisse

748 2462 1095 2546 pictoribus
1148 2461 1603 2545 posterioribus
1670 2467 1738 2524 ut
1795 2463 1976 2543 quasi
2044 2462 2254 2528 denuo
2319 2482 2461 2527 eam
2525 2462 2926 2544 refingerent.
3012 2463 3083 2526 In

750 2563 1336 2630 Herculanensibus
1380 2562 1548 2628 enim
1607 2563 1868 2646 picturis
1935 2563 2274 2630 delineatis
2329 2566 2411 2631 ab
2455 2565 2539 2631 Μ.
2584 2565 2770 2630 Roux
2814 2565 3086 2648 explica-

749 2666 957 2748 tisque
1000 2686 1041 2730 a
1081 2666 1154 2730 L.
1200 2665 1399 2730 Barre
1445 2665 1833 2747 (germanice
1876 2666 2159 2732 reddidit
2185 2669 2262 2732 A.
2294 2667 2528 2732 Kaiser
2568 2668 2643 2730 T.
2690 2667 2775 2730 II.
2823 2667 2956 2732 Ser.
3002 2667 3083 2731 ΙΙ.

751 2768 834 2833 N.
884 2769 1009 2844 54.)
1062 2767 1352 2832 invenire
1415 2766 1571 2831 mihi
1627 2767 1851 2832 videor
1905 2769 2325 2834 imitationem
2380 2766 2518 2833 eius
2560 2768 2852 2851 tabulae,
2901 2790 3083 2851 quam

754 2867 1181 2933 Callimachus
1239 2868 1727 2952 explanaverat,
1795 2889 2063 2952 eamque
2128 2870 2276 2934 huic
2341 2870 2863 2936 commentariolo
2923 2870 3087 2935 adici

754 2970 969 3036 curavi
1012 2970 1393 3036 limatiorem
1450 2990 1532 3036 ex
1574 2971 1657 3034 Ε.
1704 2971 1984 3033 Braunii
2034 2971 2229 3035 libro:
2285 2971 2638 3038 Vorschule
2692 2993 2802 3036 zur
2857 2973 3087 3037 Kunst-

751 3071 1148 3156 mythologie
1188 3093 1250 3154 p.
1303 3077 1399 3137 10.
1446 3072 1606 3137 Tab.
1654 3072 1797 3137 XV.
1886 3071 2192 3138 Videmus
2246 3073 2420 3139 idem
2477 3075 2878 3157 symplegma
2919 3073 3090 3137 Iovis

754 3181 818 3239 et
859 3174 1141 3254 Amoris,
1188 3193 1264 3237 ac
1306 3174 1478 3237 Iovis
1521 3173 1809 3256 quidem,
1858 3194 2076 3257 quem,
2138 3181 2208 3239 ut
2251 3175 2531 3240 omnium
2574 3175 3085 3256 vetustissimum,

754 3275 1159 3341 dodonaeum
1216 3294 1357 3340 esse
1411 3275 1791 3358 significavit
1832 3276 2038 3360 pictor
2080 3296 2315 3341 corona
2358 3297 2640 3359 qucrnea
2683 3277 2907 3341 addita
2923 3325 2939 3358 ,
2997 3296 3091 3341 re-

755 3377 1046 3441 cubantis
1098 3376 1167 3439 in
1221 3376 1525 3461 nubibus,
1586 3377 2102 3473 quietissimeque
2158 3378 2297 3444 sine
2340 3379 2476 3442 ulla
2516 3378 2585 3442 in
2629 3379 2810 3442 vultu
2854 3378 3091 3443 indica-

754 3544 1083 3596 Parmenideo
1117 3546 1369 3606 dixerunt,
1407 3545 1690 3609 neglectum
1726 3546 1974 3597 indicavit
1995 3547 2290 3597 Welckerus
2327 3548 2431 3607 (Gr.
2464 3546 2676 3595 Gotterl.
2715 3546 2771 3595 T.
2803 3548 2844 3595 Ι.
2880 3563 2930 3612 p.
2955 3549 3092 3610 332).

755 3631 905 3695 Apud
942 3631 1152 3680 eundem
1191 3631 1506 3681 Welckerum
1544 3637 1709 3681 tamen
1746 3632 1869 3681 haec
1906 3633 2111 3682 invenio
2147 3632 2319 3696 paullo
2353 3637 2469 3695 post
2504 3630 2665 3679 dicta:
2713 3633 2881 3693 „Eine
2917 3633 3089 3681 Glosse

705 3736 711 3742 ·
757 3716 839 3765 bei
875 3716 1157 3782 Hesychius
1184 3713 1377 3786 Ἔρρος
1413 3711 1440 3765 ὃ
1478 3714 1610 3771 Ζεύς
1649 3716 1848 3765 scheint
1881 3734 2035 3781 sag-en
2070 3732 2131 3765 zu
2168 3714 2374 3775 wellen,
2422 3731 2566 3765 wenn
2611 3714 2694 3763 ihr
2728 3716 2857 3765 Zeus
2903 3717 3094 3781 richtig

757 3800 994 3861 vei-steht,
1029 3816 1083 3850 so
1120 3798 1244 3850 habt
1277 3802 1359 3851 ihr
1393 3801 1448 3851 in
1483 3801 1589 3851 ihm
1626 3817 1779 3851 eut-en
1813 3802 1994 3850 Eros.“
2048 3802 2109 3849 In
2144 3800 2237 3849 hac
2275 3805 2440 3850 tamen
2475 3816 2528 3849 re
2565 3816 2758 3850 errasse
2793 3802 2921 3850 mihi
2954 3800 3091 3850 vidc-

759 3889 841 3934 tur
876 3885 955 3934 vir
988 3885 1184 3936 doctus,
1252 3888 1383 3935 Nam
1407 3883 1600 3956 Ἐρρος
1632 3902 1725 3951 pro
1752 3879 1908 3954 Ἔρος·
1952 3885 2179 3935 hesiodio
2226 3891 2451 3935 veterum
2494 3886 2713 3949 aliquem
2761 3885 2946 3936 dixisse
2989 3901 3094 3935 non

759 3974 834 4019 est
867 3968 1157 4020 verisimile.
1228 3970 1416 4021 Contra
1465 3986 1580 4020 vero
1605 3964 1799 4036 Ἐρρος
1845 3970 1979 4035 apud
2013 3970 2325 4036 Hesychium
2371 3970 2504 4019 nihil
2551 3975 2627 4019 est
2673 3970 2776 4019 nisi
2812 3969 3091 4020 masculina

757 4055 913 4106 forma
963 4070 1058 4120 pro
1095 4048 1261 4121 Ἐρση
1310 4055 1556 4105 feminina
1603 4056 1684 4116 (cf.
1734 4049 2042 4122 ἔρρηφόροι
2089 4060 2170 4104 eta
2218 4048 2571 4122 ἕρσηφόροι),
2630 4060 2689 4104 ut
2725 4048 2917 4121 Ἑρρος
2960 4050 3096 4109 Ζεύς

757 4140 1012 4205 significet
1062 4136 1156 4188 τὸν
1206 4134 1384 4190 ὖέτιον
1430 4140 1510 4189 vel
1558 4133 1790 4207 ὄμβριον
1835 4136 1952 4187 Δία.
2023 4139 2159 4189 Huic
2200 4140 2519 4189 coniecturae
2555 4139 2857 4203 adstipulari
2892 4139 3093 4188 videtur

751 4219 1001 4295 Ἐρσαῖος
1050 4217 1231 4291 ἆέριος
1278 4219 1409 4278 Ζεύς
1456 4225 1719 4274 restitutus
1767 4224 2020 4289 Hesychio
2067 4240 2160 4290 pro
2199 4217 2451 4291 Ἐργαῖος
2499 4219 2679 4290 ‹it-{9105
2725 4218 2858 4277 Ζεὺς
2901 4238 2932 4272 a
2964 4223 3093 4272 Moi-

759 4311 910 4361 nekio
948 4309 1152 4372 (Philol.
1189 4308 1308 4361 XII.
1346 4325 1398 4374 p.
1436 4311 1570 4374 699.)
1608 4308 1740 4373 quod
1777 4309 2094 4373 Diogeniano
2129 4325 2220 4359 suo
2255 4309 2469 4359 inseruit
2503 4309 2571 4359 M.
2613 4307 2935 4359 Schmidtius.
