3499 5219
1686 409 2031 472 —160
2156 442 2253 449 —

794 579 1312 649 commemoravit
1366 578 1435 642 in
1489 576 1882 642 bibliotheca
1923 575 2283 642 Basileensi
2296 625 2313 658 ,
2373 583 2676 643 monente
2732 577 2809 644 G.
2868 576 3144 661 Cupero,

797 683 951 748 olim
1021 686 1383 747 asservatos
1453 679 1652 746 fuisse
1710 676 2215 744 Commentarios
2271 678 2593 745 Eustathii
2662 679 2732 744 in
2791 678 3147 745 Pindarum

797 803 956 867 quos
1027 803 1158 848 non
1227 782 1504 866 amplius
1576 796 1946 863 comparere
2002 778 2351 846 sciscitanti
2410 779 2660 865 Cupero
2717 781 3149 864 responderat

797 885 1287 953 Scheuchzerus.
1389 883 1507 948 His
1578 882 1737 966 ipsis
1808 889 2027 948 tamen
2097 883 2488 964 temporibus
2562 881 2798 949 detecti
2863 889 3012 949 sunt
3073 885 3146 949 in

796 987 1189 1054 bibliotheca
1217 984 1578 1051 Basileensi
1606 1004 1647 1050 a
1664 983 1936 1066 Tafelio,
1969 990 2034 1049 et
2061 984 2220 1049 editi
2248 984 2541 1050 Francos.
2565 984 3143 1051 MDCCCXXXII.

969 1091 1120 1174 Ipse
1190 1108 1380 1171 quum
1440 1106 1646 1152 essem
1701 1086 1948 1168 aliquot
2003 1092 2157 1151 ante
2211 1107 2419 1152 annos
2477 1087 2705 1152 Leodii
2759 1085 3145 1170 perlustravi

798 1192 1254 1260 bibliothecam
1308 1188 1743 1255 universitatis
1798 1186 2176 1254 Leodiensis
2190 1234 2207 1269 ,
2281 1188 2444 1253 nihil
2515 1195 2733 1254 tamen
2789 1207 2999 1270 neque
3053 1185 3143 1251 ibi

798 1294 1009 1378 reperi
1049 1292 1504 1358 Anticatonum
1544 1310 1754 1373 neque
1796 1296 2023 1374 postea
2063 1289 2404 1355 Bruxellis.

970 1396 1157 1460 Nunc
1197 1400 1411 1460 autem
1453 1392 1811 1475 fragmenta
1838 1391 2146 1457 librorum
2176 1395 2261 1470 (V.
2292 1390 2676 1476 Nipperdeii
2702 1391 2852 1457 edit.
2898 1413 2962 1475 p.
2997 1391 3139 1465 762)
3239 1475 3244 1479 ,

698 1562 700 1564 ,
798 1498 868 1563 in
929 1496 1215 1562 ordinem
1240 1583 1245 1587 ²
1272 1493 1594 1577 quendam
1650 1492 1943 1576 redigere
1999 1494 2310 1577 conabor,
2383 1500 2455 1559 ut
2524 1494 2888 1577 catalogum
2961 1494 3141 1576 quasi

799 1600 1152 1665 habeamus
1195 1597 1491 1661 vitiorum
1535 1594 2052 1661 Catonianorum.
2141 1595 2380 1669 Caesar
2419 1597 2611 1679 igitur
2659 1596 2728 1660 in
2770 1596 2855 1661 M.
2902 1594 3142 1660 Catone

799 1701 1029 1767 acerbe
1072 1700 1473 1782 vituperasse
1517 1697 1778 1762 dicitur:

971 1803 1022 1866 Ι.
1076 1802 1134 1863 T
1129 1802 1520 1883 arpis-simam
1564 1799 1913 1861 avaritiam.
1977 1799 2162 1864 Hanc
2204 1819 2280 1865 eo
2311 1797 2670 1864 ostendisse
2698 1798 2870 1881 quod
2900 1800 3143 1864 eineres

799 1904 1011 1970 fratris
1056 1903 1155 1968 sui
1198 1901 1455 1967 Servilii
1493 1900 1834 1983 Caepionis
1877 1900 2054 1968 cuius
2099 1902 2329 1968 haeres
2370 1901 2489 1966 fuit
2529 1920 2842 1984 quemque
2886 1921 3143 1984 magno-

801 2025 955 2090 pere
1001 2003 1315 2069 dilexerat
1357 2002 1702 2082 (Plutarch.
1749 2001 1887 2067 Cat.
1931 2004 1995 2078 3)
2041 2003 2248 2068 cribro
2290 2003 2805 2092 perpurgaverit,
2866 2022 2951 2068 ne
2993 2002 3146 2086 quid

801 2128 1083 2190 unquam
1141 2105 1280 2170 auri
1337 2103 1636 2188 perderet
1691 2125 1732 2168 a
1786 2103 2059 2170 flammis
2112 2105 2250 2187 rogi
2310 2104 2473 2170 forte
2537 2104 2863 2188 liquefacti
2930 2105 2998 2185 (l.
3055 2106 3143 2181 l.).

803 2210 880 2274 V.
924 2207 1244 2275 Plutarch.
1306 2205 1442 2271 Cat.
1499 2207 1653 2272 Min.
1709 2211 1801 2270 11.
1899 2204 2224 2269 Caesarem
2279 2206 2489 2290 ipsum
2545 2207 2666 2271 hoc
2721 2207 3023 2291 probrum
3080 2207 3147 2272 in

805 2313 1114 2378 Catonem
1169 2309 1443 2374 iactasse
1499 2328 1630 2372 non
1695 2298 1872 2372 dicit'
1903 2308 2312 2391 Plutarchus,
2372 2308 2719 2375 verisimile
2775 2315 2873 2375 est
2928 2315 3146 2374 tamen

803 2414 1252 2479 Anticatonem
1297 2410 1433 2476 eius
1473 2409 1543 2474 in
1586 2408 1801 2474 animo
1845 2409 2149 2476 habuisse
2190 2410 2619 2475 Plutarchum.
2695 2409 2932 2476 Contra
2974 2410 3147 2476 idem

804 2513 1181 2580 Plutarchus
1238 2510 1473 2576 diserte
1528 2518 1981 2576 commemorat
2026 2510 2187 2590 (Cat.
2231 2513 2385 2577 min.
2432 2515 2537 2587 36)
2592 2511 2661 2577 in
2718 2511 3147 2577 divendendis

803 2618 989 2683 bonis
1030 2613 1384 2680 Ptolemaei
1415 2611 1633 2697 Cyprii
1663 2613 2002 2679 Caesarem
2046 2621 2305 2680 notasse
2346 2615 2415 2679 in
2456 2615 2841 2680 Anticatone
2882 2614 3147 2679 nimiam

806 2719 1182 2784 aviditatem
1219 2714 1498 2780 Catonis.
1585 2716 1705 2780 Hic
1747 2721 1984 2798 tamen,
2030 2715 2085 2781 si
2127 2722 2423 2782 strenuus
2464 2716 2581 2781 fuit
2622 2717 2690 2782 in
2734 2716 3148 2782 divendenda

805 2820 1049 2905 praeda
1094 2817 1363 2903 Cypria,
1424 2817 1816 2900 reipublicae
1870 2839 2002 2883 non
2056 2838 2176 2883 sua
2231 2838 2427 2884 causa
2468 2817 2560 2884 sic
2601 2838 2672 2884 se
2713 2818 2994 2902 gessisse
3037 2839 3147 2902 pu-

804 2922 1037 2989 tandus
1081 2921 1218 2986 erit.
1294 2925 1378 2998 (v.
1423 2920 1777 2984 Drumann.
1823 2920 1900 3003 V,
1946 2941 2010 3003 p.
2042 2922 2212 2997 262.)
2255 2996 2261 3001 ,
2300 2919 2489 2985 Certe
2531 2919 2585 2985 si
2627 2921 3000 3003 Munatium,
3048 2920 3149 2986 cui

804 3025 995 3090 fidem
1053 3022 1278 3087 habuit
1336 3022 1570 3087 Caesar
1640 3021 1763 3086 hac
1835 3021 2168 3088 occasione
2238 3022 2401 3088 forte
2463 3022 2535 3088 in
2594 3022 2882 3088 ordinem
2940 3023 3148 3105 coegit

807 3147 998 3210 quum
1040 3126 1337 3190 liceretur
1380 3143 1510 3188 non
1551 3123 2014 3206 vituperandus
2057 3131 2215 3189 erat.
2291 3125 2480 3200 (Plut.
2527 3122 2663 3190 Cat.
2707 3125 2859 3190 min.
2908 3127 3036 3201 36.)

974 3228 1061 3292 II.
1105 3225 1512 3289 Ebrietatem.
1601 3225 1796 3309 Apud
1837 3225 2005 3290 Plin.
2048 3226 2253 3308 Epist.
2298 3226 2418 3308 III,
2471 3230 2548 3290 12
2605 3225 2904 3309 leguntur
2954 3226 3144 3292 haec:

808 3331 1058 3411 „Erant
1100 3326 1306 3392 officia
1348 3327 1764 3407 antelucana,
1827 3327 1894 3391 in
1948 3347 2113 3409 quae
2161 3326 2446 3394 incidere
2487 3327 2748 3411 impune
2791 3347 2875 3393 ne
2919 3325 3146 3393 Catoni

808 3430 1067 3513 quidem
1108 3429 1303 3510 licuit,
1349 3448 1537 3510 quem
1580 3435 1797 3494 tamen
1830 3428 1896 3493 C.
1930 3428 2168 3494 Caesar
2210 3430 2301 3494 ita
2342 3429 2752 3514 reprehendit
2795 3436 2864 3495 ut
2904 3429 3142 3495 laudet.

809 3532 1041 3598 Scribit
1110 3532 1279 3596 enim
1338 3550 1476 3611 eos,
1552 3530 1782 3612 quibus
1855 3530 2081 3595 obvius
2151 3530 2390 3613 fuerat,
2463 3552 2653 3613 quum
2725 3537 2917 3615 caput
2988 3531 3144 3597 ebrii

807 3633 1219 3714 retexissent,
1277 3631 1670 3698 erubuisse.“
1755 3631 2010 3698 Deinde
2052 3632 2288 3698 adiecit
2329 3633 2608 3699 Plinius:
2668 3633 2983 3709 „Putares
3023 3649 3142 3696 non

811 3734 886 3797 ab
931 3735 1056 3796 illis
1105 3732 1411 3811 Catonem,
1455 3735 1571 3797 sed
1607 3735 1752 3797 illo-s·
1795 3756 1832 3796 a
1882 3733 2113 3797 Catone
2157 3734 2588 3817 deprehensos.
2660 3734 2959 3802 Potuitne
3001 3736 3143 3819 plus

810 3836 1167 3901 auctoritati
1201 3836 1395 3902 tribui
1424 3835 1672 3918 Catoni,
1719 3856 1914 3919 quam
1954 3836 2009 3902 si
2053 3835 2264 3902 ebrius
2308 3856 2559 3919 quoque
2599 3842 2733 3900 tam
2760 3836 3143 3902 venerabilis
3267 3841 3271 3846 ’

811 3936 1039 4005 erat‘?“
1141 3938 1339 4019 Igitur
1395 3937 1451 4002 si
1506 3939 1704 4004 semel
1762 3938 1975 4035 ebrius
2027 3938 2328 4004 inventus
2386 3944 2483 4004 est
2537 3937 2693 4003 Cato
2710 3985 2726 4018 ,
2798 3958 2944 4006 non,
2986 3938 3143 4003 vitu-

808 4039 1134 4124 perandus
1176 4038 1294 4103 fuit
1334 4045 1594 4122 propter
1636 4041 2008 4101 ebrietatem.

980 4142 1097 4205 ΠΙ.
1143 4140 1255 4205 IV.
1300 4140 1375 4204 V.
1436 4142 1905 4223 Ar7·09ante'am,
1950 4140 2317 4224 superbiam,
2367 4141 2759 4211 dominatum.
2837 4141 3003 4207 Gell.
3034 4140 3140 4222 IV,

812 4249 870 4326 6,
920 4248 977 4311 8.
1068 4241 1136 4308 C.
1196 4243 1389 4308 etiam
1433 4241 1670 4309 Caesar
1709 4243 1926 4326 gravis
1969 4249 2186 4308 auctor
2226 4243 2487 4325 linguae
2529 4242 2800 4324 latinae,
2856 4242 2926 4307 in
2970 4242 3144 4308 Anti·

809 4354 1067 4411 catone:
1151 4343 1372 4427 Um'uS,
1438 4343 1669 4428 inquit,
1730 4346 2133 4427 arrogantiae
2186 4342 2633 4429 superbiaeque
2690 4344 3138 4429 dominatuque.

1872 5211 2669 5219 —n-
2674 5216 2821 5219 oooooo
2830 4939 3480 5219 ᾼΔ
