3499 5219
1290 451 1424 458 —
1517 417 1862 479 295——

397 585 663 651 flumine
705 604 905 667 usque
947 584 1032 650 ad
1077 583 1478 649 Hirminium.
1564 585 1643 649 In
1697 584 1867 650 hanc
1910 586 2080 651 enim
2146 586 2479 669 planitiem
2522 582 2748 670 postea

402 686 747 752 Camarina
792 692 855 751 et
885 685 1241 752 Casmenae
1284 686 1573 752 coloniae
1602 687 1935 772 Syracusis
1966 687 2280 753 deductae
2310 696 2475 755 sunt.
2536 692 2746 757 Trans

399 789 730 854 Himeram
774 788 860 853 ad
889 789 1180 853 Isburum
1210 809 1410 870 usque
1438 809 1693 854 amnem
1725 788 2260 869 (Calatabellotae
2289 789 2481 856 hodie
2510 812 2745 859 nomen

400 896 522 968 est)
566 911 722 973 ager
763 890 1028 974 patebat
1055 890 1511 974 Agrigentinus
1556 897 1620 957 et
1660 899 1887 976 postea
1916 892 2300 973 sequebatur
2328 892 2743 961 Selinuntius.

400 995 585 1078 Ipsos
629 991 1081 1075 Agrigentinos
1123 991 1387 1058 Himera
1439 993 1633 1058 fluvio
1691 1013 1875 1060 suum
1917 1014 2142 1075 agrum
2183 992 2267 1058 ab
2311 1015 2466 1078 agro
2510 995 2744 1062 Gelen-

398 1097 584 1176 sium,
632 1097 740 1177 qui
781 1116 822 1160 a
864 1094 1120 1159 sinistra
1163 1095 1466 1161 Himerae
1507 1095 1650 1179 ripa
1690 1114 1915 1160 versus
1958 1095 2266 1161 orientem
2309 1097 2534 1180 patuit,
2581 1097 2743 1165 dire-

391 1199 594 1263 misse
647 1198 876 1279 ingens
931 1197 1036 1262 leo
1093 1196 1421 1279 lapideus,
1478 1196 1697 1262 finium
1767 1196 1950 1279 quasi
2005 1199 2272 1272 custos¹)
2290 1245 2308 1279 ,
2364 1198 2545 1264 testis
2600 1218 2742 1267 esse

396 1299 669 1379 videtur,
718 1298 825 1381 qui
868 1297 1230 1364 etiamnunc
1274 1317 1311 1363 e
1354 1298 1503 1362 viva
1556 1318 1715 1382 rupe
1769 1304 2020 1364 vetusto
2077 1306 2140 1365 et
2184 1299 2494 1382 eleganti,
2539 1306 2609 1365 ut
2650 1303 2743 1367 ait

395 1402 712 1480 Fazellus,
759 1398 1020 1464 artificio
1067 1401 1335 1481 excisae,
1395 1407 1715 1483 superstes
1773 1407 1869 1466 est
1923 1420 2055 1464 non
2098 1401 2291 1485 longe
2334 1422 2375 1465 a
2422 1400 2742 1468 Calatani-

395 1510 561 1568 setta
603 1502 779 1567 urbe.
866 1502 1058 1585 Ipsae
1111 1521 1263 1566 vero
1306 1501 1512 1567 Acrae
1566 1502 1812 1566 variam
1866 1502 2184 1567 fortunam
2239 1510 2542 1586 expertae
2599 1523 2741 1571 esse

389 1605 713 1684 videntur,
759 1603 950 1667 modo
993 1625 1035 1668 a
1077 1603 1362 1685 Graecis,
1399 1601 1590 1668 modo
1634 1624 1676 1669 a
1718 1603 2011 1669 barbaris
2058 1611 2436 1687 occupatae,
2500 1612 2569 1670 ut
2625 1606 2740 1671 ali-

397 1707 642 1790 quoties
686 1706 1114 1771 necessarium
1160 1726 1301 1771 esse
1329 1706 1655 1771 videretur
1694 1725 1900 1770 novos
1941 1707 2280 1772 immittere
2323 1705 2583 1772 colonos
2624 1727 2739 1773 seu

394 1815 700 1874 aratores.
789 1806 975 1886 Quod
1016 1808 1273 1890 quando
1318 1808 1555 1873 factum
1600 1807 1682 1872 sit
1724 1807 2077 1890 nescimus3
2137 1807 2205 1872 id
2262 1828 2459 1871 unum
2502 1809 2739 1875 scimus

395 1911 861 1994 Imperatorum
902 1910 1333 1975 Romanorum
1390 1909 1784 1994 temporibus
1844 1907 2295 1992 stipendiarios
2348 1908 2550 1975 factos
2594 1930 2737 1977 esse

393 2014 711 2078 Acrenses
755 2032 897 2076 cum
940 2011 1087 2076 aliis
1129 2012 1366 2092 multis,
1413 2011 1606 2076 etiam
1649 2010 2080 2092 Ennensibus,
2128 2030 2270 2074 cum
2316 2009 2736 2095 Centuripini,

393 2115 613 2180 Netini
671 2120 735 2179 et
789 2113 1127 2195 Segestani
1180 2115 1423 2179 latinae
1493 2112 1878 2178 conditionis
1944 2117 2178 2178 essent.
2268 2112 2457 2189 (Plin.
2514 2112 2594 2177 H.
2652 2115 2733 2179 N.

391 2218 512 2298 III,
560 2219 665 2292 8.).
753 2216 853 2281 De
896 2221 1182 2298 tempore
1223 2217 1654 2281 Romanorum
1697 2233 1859 2279 aevo
1915 2213 2276 2295 aliquanto,
2335 2219 2405 2277 ut
2462 2214 2734 2299 videtur,

388 2318 734 2401 superiore,
780 2316 1227 2400 inscriptiones
1271 2315 1590 2398 quaedam
1631 2321 1832 2398 agunt
1874 2336 1915 2380 a
1959 2315 2031 2378 L.
2078 2315 2152 2378 B.
2198 2335 2239 2379 a
2266 2314 2503 2380 Judica'
2526 2337 2732 2400 nuper

397 2421 581 2485 Acris
625 2425 944 2502 repertae,
1003 2439 1161 2500 quas
1204 2419 1309 2483 hic
1353 2438 1496 2484 cum
1538 2418 1883 2484 lectoribus
1925 2417 2545 2484 communicabimus.
2632 2419 2737 2486 Me

387 2522 560 2587 enim
606 2524 748 2584 cum
790 2520 995 2585 amico
1038 2527 1189 2587 ante
1232 2521 1351 2585 hos
1394 2539 1509 2586 sex
1551 2540 1759 2585 annos
1812 2519 1881 2582 in
1924 2518 2145 2583 Sicilia
2199 2520 2732 2604 peregrinantem,

389 2625 699 2689 monitum
741 2623 825 2687 ab
870 2623 1405 2688 excellentissimo
1470 2622 1761 2707 principe
1820 2620 1887 2685 di
1930 2621 2213 2686 Trabbia
2254 2622 2731 2705 Panormitano,

388 2725 785 2809 antiquitatis
829 2724 1085 2790 Siculae
1128 2724 1622 2805 studiosissimo,
1682 2729 1753 2789 ut
1806 2742 1891 2788 ne
1935 2742 2013 2787 ea
2055 2723 2410 2806 spectanda
2452 2730 2731 2807 praeter-

387 2830 735 2908 mitterem,
799 2846 963 2909 quae
1006 2827 1046 2892 J
1050 2827 1277 2892 udicae
1321 2826 1649 2892 effodisset
1688 2823 2034 2907 industria,
2095 2826 2498 2906 Terranova,
2566 2845 2733 2908 quae

387 2951 519 2994 non
562 2930 653 2993 ita
692 2930 886 3011 longe
930 2928 1126 2993 distat
1168 2929 1251 2992 ab
1295 2929 1560 3009 antiqua
1603 2927 1801 3008 Gela,
1860 2944 1975 3008 per
2029 2932 2277 2990 montes
2321 2925 2732 3008 confragosos

383 3032 455 3096 in
499 3031 901 3096 Palazzolum
944 3030 1151 3094 vicum
1197 3031 1315 3095 iter
1359 3029 1558 3110 duxit,
1605 3028 1715 3093 ubi
1759 3027 1875 3092 sub
1921 3026 2250 3091 cacumine
2291 3025 2445 3090 editi
2474 3027 2728 3109 montis,

385 3134 497 3216 qui
541 3134 734 3198 etiam
777 3151 945 3196 nunc
989 3150 1224 3197 nomen
1267 3137 1442 3196 tenet
1483 3131 1891 3200 Acremonte,
1959 3129 2272 3211 eqrcqz’um
2316 3130 2529 3190 Acrae
2569 3130 2734 3191 iacet

386 3233 688 3306 cadaver,
754 3240 825 3297 ut
868 3233 1110 3298 Fazelli
1168 3233 1381 3298 verbis
1421 3238 1583 3297 utar.
1670 3233 1774 3297 Ex
1827 3230 1969 3313 ipso
2012 3235 2228 3293 monte
2270 3229 2544 3294 Aetnam
2588 3248 2731 3312 spe-

384 3343 561 3401 ctare
602 3337 752 3400 licet
793 3334 1144 3401 fumantem
1173 3342 1365 3416 atque
1404 3334 1474 3399 in
1503 3333 1679 3399 littus
1713 3331 2098 3417 prospicere,
2143 3330 2294 3395 hinc
2321 3331 2389 3395 in
2419 3331 2726 3397 orientem

523 3608 557 3670 ¹)
596 3605 789 3656 Similis
824 3609 900 3656 est
934 3605 997 3667 ei,
1029 3606 1090 3655 de
1125 3621 1222 3670 quo
1259 3620 1421 3670 nuper
1456 3604 1745 3655 Brondsted
1778 3602 2031 3652 narravit:
2068 3618 2279 3668 voyages
2315 3601 2440 3650 dans
2474 3599 2524 3649 la
2552 3600 2722 3650 Grece.

386 3692 525 3741 Livr.
570 3694 612 3740 1.
658 3706 710 3756 p.
748 3693 829 3742 30.
909 3690 987 3740 Un
1023 3692 1194 3740 ancien
1230 3700 1497 3740 monument
1533 3691 1564 3739 ὰ
1600 3706 1664 3738 un
1700 3698 1848 3753 quart
1883 3689 1942 3738 de
1979 3688 2103 3738 liene
2138 3705 2202 3737 au
2238 3687 2365 3736 nord
2408 3686 2466 3735 de
2517 3686 2566 3736 la
2611 3686 2726 3737 ville

333 3831 338 3839 ,
384 3786 457 3828 est
504 3779 611 3827 bien
652 3776 768 3841 plus
815 3776 1133 3826 interessant:
1182 3775 1296 3825 c’est
1343 3792 1407 3825 un
1456 3774 1553 3825 lion
1601 3773 1814 3824 colossal
1857 3778 2136 3839 represent&
2176 3772 2358 3822 couche'
2384 3789 2470 3821 sur
2507 3771 2556 3820 la
2578 3772 2727 3835 flanc

383 3862 578 3928 yauche
612 3888 680 3897 -
714 3861 799 3910 La
831 3862 998 3926 forme
1047 3860 1111 3909 du
1159 3877 1382 3909 morceau
1435 3859 1495 3908 de
1542 3860 1713 3909 rocher
1760 3859 1878 3908 dont
1923 3858 1962 3908 il
2009 3867 2081 3908 est
2113 3861 2336 3922 compo-‘se‘
2365 3873 2397 3905 a
2431 3873 2549 3905 sans
2584 3855 2726 3906 doute

386 3948 552 3997 donne'
579 3964 644 3995 au
678 3946 922 4010 sculpteur
958 3944 1095 3994 l’idee
1131 3943 1323 3994 d’aider
1358 3944 1409 3994 la
1445 3953 1631 3994 nature.
1702 3940 1917 3992 Causam
1952 3959 2042 3992 cur
2076 3939 2157 3993 hic
2193 3939 2483 4005 exsculptus
2524 3939 2603 3989 leo
2639 3940 2723 4001 sit,

385 4034 558 4096 postea
608 4031 681 4079 sic
726 4028 979 4079 invenisse
1026 4026 1125 4078 sibi
1174 4028 1309 4077 visus
1359 4032 1460 4076 est:
1515 4028 1574 4077 Je
1623 4027 1758 4076 crois
1794 4042 1855 4076 en
1893 4026 2033 4075 avoir
2067 4027 2243 4075 trouve
2278 4023 2725 4089 posterieurement

385 4115 728 4179 l’explication
776 4114 901 4163 dans
946 4128 1015 4162 un
1063 4113 1230 4178 mythe
1279 4128 1374 4176 que
1423 4128 1548 4162 nous
1595 4128 1625 4161 a
1672 4111 1909 4161 conserve
1954 4109 2224 4161 Heraclide
2271 4108 2332 4159 de
2372 4110 2517 4158 Pont.
2591 4108 2723 4169 „Les

385 4200 659 4265 nympheS,
704 4197 871 4260 dit-il,
922 4198 1207 4247 habitaient
1240 4198 1626 4246 anciennement
1660 4200 1790 4245 cette
1825 4196 1892 4245 ile
1929 4195 2065 4245 riche
2100 4211 2162 4244 en
2200 4210 2417 4245 sources,
2486 4193 2616 4242 Mais
2651 4208 2723 4243 un

382 4285 492 4335 lion
527 4284 598 4334 les
635 4287 787 4349 ayant
821 4282 1058 4347 effrayees
1096 4281 1214 4330 elles
1251 4281 1520 4332 s’enfuient
1554 4280 1839 4347 &Caryste
1911 4280 2037 4331 Dela
2071 4280 2236 4341 vient,
2285 4279 2438 4343 qu’un
2487 4293 2722 4343 promon-

383 4370 513 4419 toire
550 4369 610 4419 de
647 4367 771 4417 Ceios
800 4366 1037 4433 s’appelle
1076 4368 1117 4417 le
1153 4368 1302 4417 liou.“
