3499 5219
1341 421 1464 426 ---
1553 387 1677 448 339
1764 414 1825 417 —-
1854 413 1899 417 «-

447 564 834 648 angedeutet
877 563 1084 647 seyn‘?
1160 565 1250 630 Es
1292 562 1541 626 konnte
1584 561 1719 625 sich
1755 561 1833 642 ja
1876 561 1989 626 auf
2030 561 2142 627 der
2185 563 2359 629 Insel
2404 564 2592 647 Syria
2634 565 2792 632 oder

450 669 646 753 Syros
718 668 920 744 (einer
992 665 1105 730 der
1169 662 1522 748 Cycladen')
1594 663 1857 746 zufallig
1920 664 2066 729 eine
2125 665 2277 730 tiet'e
2341 664 2660 749 Oeffnung
2720 669 2790 733 in

451 771 661 836 einem
702 769 938 834 Felsen
978 764 1229 848 finden,
1288 763 1487 830 durch
1544 763 1651 830 die
1706 765 1947 848 gerade
1997 786 2102 830 am
2144 767 2412 850 Mittage
2455 767 2568 833 des
2610 769 2792 851 lang-

451 880 592 938 sten
635 873 846 952 Tages
891 869 997 944 ein
1041 868 1508 934 Sonnenstrahl
1551 868 1619 934 111
1663 870 1807 933 61116
1850 869 2016 933 ΗόΙ6
2058 867 2230 934 661.“

621 972 782 1051 Sed,
843 978 913 1035 ut
971 971 1260 1035 omittam
1304 970 1475 1053 quod
1520 969 1603 1035 de
1645 970 1908 1035 Homeri
1949 970 2090 1034 loco
2138 970 2299 1034 dixit
2342 970 2664 1054 Idelerus‚
2721 973 2793 1038 in

452 1075 725 1141 Metonis
794 1073 1174 1155 heliotropio
1245 1072 1427 1136 nullo
1497 1070 1690 1136 modo
1763 1070 1846 1138 de
1914 1071 2226 1138 foramine
2292 1073 2568 1156 quodam
2629 1074 2795 1139 muri

453 1177 731 1259 cogitare
773 1176 951 1257 licet3
996 1174 1066 1238 id
1109 1176 1281 1240 enim
1323 1173 1635 1239 refutatur
1677 1194 1755 1239 eo
1799 1174 1971 1256 quod
2000 1176 2330 1257 Aelianus,
2376 1177 2553 1241 66166
2594 1175 2798 1242 verba

453 1279 672 1362 paullo
717 1284 869 1342 61116
912 1277 1214 1359 apposui,
1277 1275 1542 1341 tradidit
1584 1277 1905 1342 Metonem
1950 1273 2195 1361 στήλας
2250 1278 2291 1342 1.
2338 1297 2394 1343 6.
2439 1297 2798 1360 gnomonas

455 1387 698 1446 erectos
752 1379 1044 1462 posuisse
1099 1398 1289 1461 quum
1344 1378 1796 1460 heliotropium
1844 1387 2270 1463 componeret.
2360 1380 2538 1445 Nihil
2580 1387 2796 1444 autem

455 1483 708 1548 obstare
750 1480 1006 1546 videtur
1048 1480 1385 1562 quominus
1429 1478 1764 1546 credamus
1807 1481 1875 1544 in
1917 1482 2154 1566 Pnycis
2195 1503 2348 1548 area
2390 1482 2600 1547 simile
2643 1480 2798 1563 quid

457 1584 743 1649 effecisse
786 1583 1107 1649 Metonem
1150 1589 1342 1663 atque
1384 1581 1548 1647 illud
1592 1589 1730 1648 erat
1773 1582 1943 1664 quod
1985 1585 2309 1666 Augustus
2362 1583 2500 1650 6611
2552 1583 2801 1648 curavit

457 1706 649 1767 quum
705 1683 1080 1751 Sesostridis
1136 1686 1485 1751 obeliscum
1540 1688 1608 1752 in
1666 1684 1910 1770 Campo
1962 1686 2218 1767 Martio,
2289 1687 2551 1769 publico
2611 1686 2800 1750 comi-

456 1790 684 1853 tiorum
727 1789 1155 1852 Romanorum
1197 1788 1370 1870 loco,
1437 1789 1621 1854 iussit
1663 1789 1843 1870 erigi.
1933 1788 2038 1853 Sic
2081 1788 2253 1853 6111111
2296 1787 2545 1853 Plinius
2588 1787 2668 1852 H.
2716 1786 2798 1869 N,

456 1889 775 1970 XXXVI,
835 1894 931 1953 10.
1007 1889 1129 1968 „Ei
1178 1891 1505 1970 (obelisco)
1552 1890 1659 1972 qui
1704 1896 1802 1955 est
1841 1891 1911 1954 in
1956 1889 2198 1973 Campo
2243 1889 2431 1955 divus
2473 1889 2801 1972 Augustus

457 1991 709 2055 addidit
769 1991 1129 2056 mirabilem
1193 2012 1376 2057 usum
1390 2040 1406 2073 ,
1466 1989 1571 2056 -ad
1643 1991 2224 2075 deprehendendas
2295 1992 2451 2058 solis
2520 1991 2799 2071 umbras,

460 2092 831 2175 dierumque
902 2112 979 2158 ac
1048 2095 1328 2158 noctium
1400 2096 1493 2158 ita
1562 2094 2040 2177 magnitudines
2057 2142 2074 2175 ,
2154 2099 2351 2160 strato
2427 2091 2645 2175 lapide
2714 2090 2804 2156 ad

457 2195 964 2276 magnitudinem
1032 2197 1324 2280 obelisci,
1400 2197 1502 2262 661
1567 2217 1688 2280 par
1754 2196 1936 2263 fieret
1999 2196 2255 2277 umbra,
2329 2196 2593 2261 brumae
2657 2214 2803 2259 6611-
2847 2239 2857 2256 -.

456 2296 661 2362 fectae
704 2296 830 2381 die,
876 2304 1062 2363 sexta
1104 2299 1281 2381 hora,
1326 2299 1794 2382 paullatimque
1835 2317 1952 2381 per
1992 2299 2266 2380 regulas,
2325 2292 2488 2380 quae
2531 2301 2680 2361 sunt
2722 2314 2804 2362 ex

459 2419 609 2465 aere
650 2400 956 2483 inclusae,
1005 2401 1275 2482 singulis
1319 2401 1549 2468 diebus
1596 2400 1991 2468 decresceret
2029 2418 2108 2464 66
2149 2419 2365 2465 161666
2399 2404 2806 2481 augesceret:

462 2500 657 2584 digna
699 2502 956 2584 cognitu
999 2522 1102 2568 res
1147 2510 1211 2569 et
1254 2505 1514 2586 ingenio
1557 2503 1831 2570 fecundo
1876 2502 2048 2569 Novi
2088 2499 2592 2566 mathematici.“

451 2685 455 2690 Ι
627 2603 852 2687 Longe
906 2604 1100 2670 aliam
1160 2604 1242 2673 de
1296 2607 1572 2673 Metonis
1642 2606 1908 2675 artificio
1980 2604 2363 2672 sententiam
2429 2601 2807 2688 explanavit

460 2705 531 2768 P.
575 2706 1149 2772 Forchhammerus
1196 2711 1496 2790 (Topogr.
1538 2710 1775 2781 Athen.
1820 2733 1885 2794 p.
1919 2711 2066 2784 67·)·
2153 2707 2347 2772 Putat
2388 2707 2560 2772 enim
2602 2706 2806 2790 Lyssa·

461 2807 620 2871 betti
676 2808 858 2873 collis
918 2810 1049 2889 (qui
1108 2810 1259 2872 olim
1318 2808 1647 2873 dicebatur
1700 2802 2126 2885 Anchesmus)
2183 2808 2442 2889 umbra,
2498 2813 2806 2889 tanquam

462 2910 816 2990 gnomonis,
871 2929 1053 2973 usum
1098 2929 1240 2976 esse
1282 2912 1603 2977 Metonem
1649 2930 1841 2994 quum
1882 2912 1955 2976 in
1994 2909 2231 2996 Pnycis
2271 2909 2582 2993 parietem
2624 2910 2806 2974 meri-

464 3009 787 3076 dionalem
849 3029 930 3075 ex
985 3011 1130 3093 ipsa
1183 3033 1340 3096 rupe
1398 3013 1683 3079 excisum
1739 3015 2052 3079 iaceretur
2066 3061 2083 3094 ‚
2159 3032 2428 3094 eumque
2497 3012 2807 3095 parietem

466 3113 697 3188 (sciens
753 3132 883 3176 non
938 3133 1186 3178 murum
1246 3115 1386 3180 dico
1449 3115 1566 3182 sed
1632 3116 1968 3199 parietem)
2039 3115 2411 3180 marmoreis
2480 3113 2809 3178 laterculis

464 3219 765 3278 structum
822 3215 1150 3298 signisque
1207 3224 1271 3282 et
1323 3218 1514 3284 lineis
1570 3218 1939 3284 distinctum
1995 3217 2211 3282 fuisse.
2299 3215 2570 3280 Videtur
2616 3214 2810 3297 igitur

465 3314 723 3381 credere
765 3316 976 3400 ipsum
1021 3319 1214 3383 etiam
1257 3340 1652 3403 parapegma
1692 3320 2079 3386 Metonicum
2122 3319 2190 3383 in
2231 3318 2452 3402 Pnyce
2501 3324 2807 3398 tanquam

465 3418 534 3481 in
589 3420 741 3484 albo
796 3421 1054 3502 publice
1111 3420 1308 3487 fuisse
1362 3423 1774 3505 propositum.
1863 3420 1994 3486 Sed
2050 3442 2184 3485 non
2237 3420 2393 3485 satis
2446 3419 2809 3499 intelligere

465 3539 570 3584 me
610 3520 814 3585 fateor
857 3542 980 3604 quo
1023 3522 1218 3587 modo
1260 3530 1664 3589 astronomus
1706 3523 1933 3587 umbra
1970 3522 2206 3587 montis
2236 3540 2401 3603 quae
2428 3521 2495 3585 in
2524 3521 2806 3604 Pnycem

468 3619 727 3685 caderet
767 3643 881 3705 pro
926 3633 1222 3690 accurato
1266 3624 1569 3689 umbilico
1612 3631 1723 3689 aut
1766 3643 2087 3707 gnomone
2128 3624 2223 3688 uti
2263 3623 2569 3705 potuerit,
2616 3641 2808 3703 quum

468 3730 707 3788 certum
750 3725 1044 3791 videatur
1087 3746 1231 3794 esse
1274 3726 1361 3791 ad
1403 3726 1573 3791 hunc
1616 3725 1805 3791 finem
1851 3745 2207 3808 gnomonas
2258 3724 2541 3790 erexisse
2582 3724 2806 3787 virum.

469 3826 546 3890 V'.
604 3830 935 3908 praeterea
990 3828 1058 3892 O.
1115 3827 1517 3893 Redlichium
1593 3827 1732 3907 (der
1787 3828 2131 3893 Astronom
2184 3827 2403 3891 Meton
2473 3825 2607 3890 und
2669 3825 2809 3890 sein

471 3926 702 4012 chlus
744 3947 808 4010 p.
842 3930 988 4003 21.).

637 4030 843 4096 Aliter
910 4049 1046 4095 rem
1117 4031 1421 4115 expedire
1494 4038 1761 4097 conatus
1833 4037 1931 4097 661
2000 4031 2140 4113 ipse
2194 4028 2567 4095 Redlichius
2639 4029 2706 4102 (l.
2761 4029 2808 4091 1.

467 4151 530 4214 p.
578 4134 678 4195 22.
726 4132 890 4212 23.),
951 4131 1059 4213 qui
1117 4151 1309 4213 quum
1357 4133 1558 4200 verba
1613 4130 1785 4214 πρὸς
1841 4133 1940 4217 τῷ
1983 4137 2182 4212 τείχει
2224 4133 2317 4215 τῷ
2364 4129 2430 4195 ἒν
2475 4131 2554 4214 τῇ
2602 4133 2812 4193 Πυκνί

471 4231 554 4298 de
607 4233 764 4316 ipsis
819 4235 1153 4299 moenibus
1195 4235 1370 4300 urbis
1412 4237 1765 4320 intelligat,
1823 4255 1954 4337 non
1997 4235 2233 4320 Pnycis
2248 4282 2265 4317 ,
2320 4234 2530 4317 ipsum
2586 4231 2809 4297 adver-

470 4334 705 4399 66116111
747 4336 944 4402 habet
984 4336 1453 4403 Philochorum.

2302 4436 2402 4488 22*
