3499 5219
505 1642 625 1706 DE
669 1641 751 1705 Μ.
797 1639 1057 1705 TVLLI
1102 1635 1554 1703 CICERONIS
1598 1633 2162 1700 LAVDATIONE
2208 1632 2576 1700 CATONIS

1435 1808 1523 1856 ΕΤ
1565 1807 1655 1855 DE

772 1945 841 2011 C.
886 1945 1067 2011 IVLI
1111 1943 1525 2011 CAESARIS
1574 1939 2296 2008 ANTICATONIBVS.

533 2151 687 2216 Post
743 2150 1073 2215 victoriam
1130 2169 1171 2213 a
1227 2147 1295 2212 C.
1344 2147 1619 2212 Caesare
1674 2146 1760 2212 ad
1817 2145 2148 2229 Thapsum
2209 2153 2431 2211 contra
2488 2146 2701 2213 defen-

365 2272 541 2319 sores
582 2251 972 2337 reipublicae
1015 2257 1401 2335 reportatam
1415 2297 1432 2332 ,
1486 2269 1678 2332 quum
1721 2248 1947 2314 Vticae
1989 2267 2060 2313 se
2101 2248 2242 2330 ipse
2284 2249 2704 2327 interfecisset

364 2355 449 2420 M.
495 2353 653 2420 Cato
714 2354 796 2421 de
852 2352 1181 2438 republica
1239 2351 1619 2435 desperans,
1677 2349 1861 2415 multi
1905 2348 1998 2414 C.-
2021 2348 2316 2418 Caesaris
2366 2372 2581 2420 osores
2640 2362 2703 2420 et

364 2457 820 2523 obtrectatores
878 2462 1216 2521 suaserunt
1259 2453 1580 2536 Ciceroni,
1640 2460 1709 2518 ut
1765 2451 2201 2519 laudationem
2246 2451 2506 2520 Catonis
2555 2455 2702 2520 scri-

362 2559 543 2626 beret
597 2557 718 2624 viri
774 2556 1164 2641 integerrimi
1220 2564 1283 2624 et
1338 2555 1778 2624 cordatissimi.
1863 2555 1943 2621 In
1982 2555 2084 2622 his
2128 2554 2449 2623 Ciceronis
2492 2557 2703 2624 horta-

363 2661 606 2727 toribus
635 2667 890 2744 praeter
917 2660 1002 2725 M.
1031 2660 1296 2724 Brutum
1312 2662 1374 2741 ¹),
1422 2658 1714 2725 Caesaris
1743 2666 1971 2743 postea
2005 2659 2367 2740 occisorem,
2410 2660 2701 2743 inprimis

362 2763 556 2828 fuisse
626 2761 881 2828 videtur
933 2765 1009 2827 T.
1068 2761 1458 2846 Pomponius
1512 2761 1778 2826 Atticus.
1878 2760 2047 2826 Nam
2117 2761 2185 2825 in
2258 2762 2544 2846 epistolis
2613 2761 2701 2828 ad

363 2865 641 2931 Atticum
684 2853 853 2929 datis
896 2863 1070 2946 (XII,
1119 2866 1182 2939 4)
1226 2862 1479 2947 scripsit
1523 2861 1763 2945 Cicero,
1810 2883 1880 2929 se
1921 2863 2042 2927 hoc
2084 2862 2140 2928 si
2181 2862 2435 2944 faceret,
2493 2882 2701 2929 acces-

363 2986 576 3031 surum
623 2984 764 3031 esse
806 2964 893 3031 ad
935 2962 1290 3049 πρόβλημα
1328 2958 1880 3048 Ἀρχιμήδειονῖ),
1938 2984 2063 3046 quo
2120 2964 2437 3029 intellexit
2479 2965 2699 3029 Archi-

361 3067 567 3133 medis
609 3068 991 3151 arenarium,
1035 3088 1167 3132 non
1210 3065 1418 3132 aliud:
1464 3067 1656 3148 „Non
1700 3086 2021 3150 assequor,
2067 3064 2266 3145 addit,
2312 3072 2383 3130 ut
2425 3066 2698 3132 scribam

363 3169 534 3253 quod
578 3170 671 3233 tui
714 3172 1004 3232 convivae
1045 3190 1176 3235 non
1218 3168 1409 3233 modo
1449 3167 1754 3249 libenter,
1814 3166 1931 3233 sed
1985 3166 2178 3232 etiam
2234 3186 2440 3249 aequo
2483 3168 2698 3232 animo

359 3272 575 3355 legere
616 3271 881 3354 possint.
952 3270 1122 3349 Quin
1166 3272 1358 3337 etiam
1402 3270 1457 3336 si
1500 3291 1541 3334 a
1585 3269 1920 3336 sententiis
1963 3268 2098 3334 eius
2136 3267 2445 3347 (Catonis)
2492 3268 2696 3351 dictis,

360 3373 415 3439 si
468 3372 550 3438 ab
610 3372 784 3437 omni
837 3373 1168 3439 voluntate
1224 3373 1661 3456 consiliisque,
1720 3392 1886 3455 quae
1947 3371 2029 3436 de
2082 3370 2411 3455 republica
2451 3370 2694 3451 habuit,

361 3472 656 3540 recedam
710 3474 1057 3557 ψιλῶςᾳιιθ
1111 3473 1305 3540 velim
1360 3473 1740 3556 gravitatem
1796 3473 2344 3555 constantiamque
2387 3472 2522 3538 eius
2564 3473 2698 3536 lau-

363 3575 546 3657 dare,
606 3576 728 3641 hoc
782 3576 992 3659 ipsum
1049 3582 1265 3642 tamen
1319 3575 1460 3642 istis
1517 3575 1808 3641 odiosum
1867 3572 2164 3656 ἄκουσμα
2214 3575 2328 3656 sit,
2387 3574 2504 3640 sed
2546 3593 2696 3640 vere

358 3678 610 3743 laudari
650 3678 765 3745 ille
806 3678 906 3742 vir
947 3698 1076 3743 non
1118 3684 1358 3761 potest,
1404 3677 1528 3744 nisi
1570 3678 1733 3743 haec
1774 3684 2003 3743 ornata
2044 3676 2203 3757 sint,
2249 3674 2420 3758 quod
2461 3676 2576 3742 ille
2619 3694 2698 3741 ea

311 3821 314 3824 2
361 3797 525 3862 quae
568 3800 739 3845 nunc
779 3786 928 3846 sunt
970 3787 1034 3846 et
1075 3779 1287 3845 futura
1328 3778 1561 3845 viderit
1606 3787 1698 3861 et,
1759 3799 1844 3846 ne
1884 3777 2136 3860 fierent,
2195 3777 2591 3843 contenderit
2632 3783 2696 3843 et

497 4053 530 4115 ¹)
567 4051 671 4101 Cic.
709 4056 837 4102 orat.
880 4054 954 4102 10.
1026 4052 1203 4116 Itaque
1238 4051 1334 4100 hoc
1370 4066 1480 4100 sum
1514 4064 1780 4115 aggressus
1815 4050 1987 4100 statim
2023 4047 2214 4099 Catone
2248 4047 2508 4099 absoluto:
2546 4060 2693 4112 quem

362 4137 528 4203 ipsum
563 4150 818 4200 nunquam
857 4135 1156 4201 attigissem,
1197 4147 1413 4201 tempora
1449 4136 1623 4187 timens
1658 4136 1858 4187 inimica
1891 4135 2072 4195 virtuti,
2109 4134 2210 4183 nisi
2248 4132 2344 4183 tibi
2382 4132 2607 4183 hortanti
2642 4138 2693 4182 et

358 4221 503 4272 illius
548 4220 838 4270 memoriam
886 4221 1013 4271 mihi
1060 4236 1226 4271 caram
1271 4222 1516 4271 excitanti
1566 4236 1668 4271 non
1716 4234 1890 4286 parere
1942 4218 2084 4269 nefas
2135 4234 2241 4269 esse
2288 4217 2553 4268 dixissem:
2605 4216 2692 4266 sed

359 4306 599 4356 testificor
635 4320 713 4354 me
749 4319 778 4353 a
814 4308 864 4355 te
898 4310 1146 4370 rogatum,
1184 4311 1236 4357 et
1254 4310 1588 4369 recusantem,
1624 4306 1746 4355 haec
1770 4304 1987 4355 scribere
2012 4319 2117 4354 esse
2140 4318 2331 4353 ausum.
2435 4299 2471 4363 ²)
2496 4300 2569 4351 Cf.
2589 4300 2690 4365 Ep.

357 4390 421 4440 ad
453 4392 559 4441 Att.
595 4389 745 4454 XIII,
781 4392 863 4442 28.
