3499 5219
1272 417 1841 519 —5-293—

548 584 896 666 Aliquanto
960 582 1215 666 longius
1283 584 1639 667 repetenda
1702 590 1801 649 est
1862 591 2324 668 postremorum
2389 585 2733 652 verborum

382 686 746 770 explicatio.
834 685 1114 750 Primum
1172 685 1345 751 enim
1400 685 1864 752 animadvertis
1916 688 2220 773 populum
2285 689 2740 771 antiquissima

378 787 843 872 significatione
884 807 925 851 a
963 786 1251 871 patribus
1293 787 1432 853 sive
1468 789 1761 871 patrici&
1802 808 1934 853 non
1978 788 2266 872 differre,
2328 790 2444 856 sed
2488 793 2728 874 opponi

371 890 579 976 plebi.-
637 890 939 974 patricios
981 895 1197 966 autem
1249 889 1318 954 in
1375 890 1627 956 comitio
1685 890 1945 956 curiatis
2001 892 2274 957 comitiis
2329 894 2725 978 convenisse,

378 999 450 1058 ut
490 993 575 1058 de
616 992 947 1075 republica
987 992 1485 1074 consulerentur,
1529 991 1697 1056 inter
1738 1011 1961 1058 omnes
2002 1000 2254 1058 constat
2295 993 2374 1058 V.
2416 995 2726 1060 Niebuhr.

379 1095 460 1159 H.
504 1096 580 1160 R.
626 1097 701 1159 T.
746 1095 798 1158 I.
842 1114 907 1177 p.
954 1097 1097 1158 323.
1144 1097 1267 1158 467
1313 1113 1409 1175 sp.
1456 1092 1557 1158 ed.
1603 1094 1722 1158 ΙΙΙ.
1757 1094 1961 1159 Varro
1993 1093 2074 1160 de
2101 1095 2257 1178 ling.
2288 1097 2401 1160 lat.
2446 1097 2556 1180 IV,
2591 1101 2726 1163 32:

381 1198 691 1261 comitium
736 1195 811 1258 ab
857 1216 930 1258 eo
976 1195 1147 1280 quod
1185 1194 1430 1258 coibant
1472 1216 1544 1258 eo
1591 1197 1858 1258 comitiis
1900 1198 2160 1258 curiam
2200 1206 2265 1259 et
2290 1198 2489 1260 litium
2519 1219 2723 1261 causa.

379 1299 613 1364 Ascon.
659 1298 815 1363 Ped.
859 1297 928 1362 in
973 1297 1222 1362 Verrin.
1278 1298 1343 1379 I,
1402 1301 1503 1363 58.
1560 1318 1613 1364 c.
1672 1302 1806 1363 22:
1875 1300 2186 1360 comitium
2244 1300 2416 1362 loeus
2455 1310 2725 1384 propter

378 1410 687 1473 senatum,
748 1420 869 1483 quo
928 1401 1097 1461 coire
1152 1398 1459 1483 equitibus
1514 1410 1580 1462 et
1623 1401 1862 1484 populo
1907 1420 2167 1462 romano
2212 1402 2373 1464 licet.
2463 1402 2541 1466 In
2584 1403 2721 1468 foro

379 1510 593 1568 autem
635 1501 887 1567 tributis
930 1501 1199 1566 comitiis
1243 1501 1669 1566 conveniebat
1711 1502 1956 1585 plebes.
2017 1501 2198 1580 Quae
2235 1503 2491 1567 comitia
2534 1525 2726 1587 quum

379 1623 581 1686 usque
624 1603 710 1669 ad
755 1603 1255 1669 decemvirorum
1298 1609 1549 1686 tempus
1577 1603 1974 1686 plebeiorum
2004 1604 2209 1668 solum
2239 1603 2525 1686 fuissent,
2572 1605 2731 1672 inde

346 1705 463 1771 >ab
508 1706 630 1771 hoc
673 1712 956 1789 temporo
999 1704 1314 1787 permissa
1358 1705 1549 1769 etiam
1611 1704 1896 1789 patriciis
1959 1711 2106 1771 sunt
2165 1705 2266 1777 (V.
2312 1705 2453 1771 Liv,
2497 1706 2574 1789 V,
2623 1711 2725 1773 30.

381 1811 508 1882 32.)
553 1807 659 1890 qui
705 1814 939 1888 tamen,
986 1806 1383 1889 plebeiorum
1411 1813 1790 1891 spernentes
1820 1807 2206 1887 societatem,
2254 1828 2386 1872 non
2435 1809 2535 1873 usi
2578 1817 2729 1875 sunt

378 1909 517 1975 iure
560 1929 705 1991 suo,
754 1928 946 1991 quum
1008 1908 1090 1974 de
1130 1907 1382 1991 legibus
1435 1909 1660 1992 plebes
1705 1909 2036 1975 sciscebat.
2123 1909 2469 1974 Habebant
2510 1917 2725 1976 autem

377 2011 448 2076 in
508 2011 778 2076 comitiis
833 2011 1193 2076 forensibus
1251 2017 1435 2093 septa
1488 2031 1606 2075 sua
1661 2012 1902 2094 plebeii
1955 2030 2213 2093 prorsus
2263 2010 2490 2077 eodem
2533 2012 2725 2078 modo

379 2120 573 2196 atque
617 2112 890 2197 populus
946 2112 1101 2178 inde
1155 2133 1197 2176 a
1239 2111 1447 2178 Servii
1491 2113 1691 2178 Tullii
1745 2120 2032 2198 tempore
2071 2111 2143 2176 in
2197 2112 2468 2178 comitiis
2512 2121 2730 2180 centu·

378 2215 576 2282 riatis.
664 2214 766 2294 (V.
810 2214 1071 2280 Sueton.
1118 2212 1302 2279 Caes.
1349 2217 1451 2279 80.
1497 2213 1695 2280 Cicer.
1742 2216 1942 2298 Legg.
1988 2215 2108 2295 111,
2160 2218 2256 2278 17.
2302 2213 2387 2279 ad
2432 2216 2621 2282 Attic.
2668 2218 2719 2301 I,

387 2323 482 2383 13.
539 2319 604 2400 I,
672 2321 769 2382 16.
855 2316 1125 2401 Dionys.
1180 2315 1260 2380 H.
1316 2316 1473 2399 VII,
1538 2318 1665 2391 59.)
1752 2316 1870 2382 His
1926 2315 2124 2399 septis
2185 2318 2293 2382 vel
2337 2307 2614 2384 ovilibus
2654 2320 2724 2383 in

380 2420 654 2486 comitiis
697 2417 1067 2497 centuriatis
1109 2417 1351 2482 classes
1396 2424 1462 2483 et
1503 2418 1860 2500 centuriae,
1918 2418 1985 2482 in
2030 2418 2281 2483 tributis
2325 2438 2478 2484 vero
2520 2421 2725 2487 tribus

380 2543 422 2588 a
451 2541 522 2588 se
562 2521 837 2586 invicem
881 2519 1421 2585 discernebantur.

548 2624 668 2690 His
709 2622 1079 2707 praemissis
1121 2621 1207 2687 ad
1239 2621 1543 2687 Varronis
1572 2621 1783 2687 locum
1827 2621 1881 2687 si
1911 2641 2326 2704 recurramus,
2371 2622 2572 2707 plana
2600 2625 2722 2689 erit

381 2728 517 2793 eius
561 2725 925 2810 explicatio.
1011 2723 1258 2788 Dicitur
1314 2724 1483 2788 enim
1528 2722 1597 2788 C.
1652 2723 1969 2788 Licinium
2012 2723 2341 2790 Stolonem
2400 2726 2723 2791 tribunum

380 2830 470 2913 pl.
514 2829 786 2911 primum
827 2827 1045 2908 fuisse,
1090 2826 1197 2908 qui
1240 2833 1456 2908 patres
1498 2823 1617 2903 (Cf.
1648 2825 1957 2891 Niebuhr.
2001 2825 2082 2890 H.
2126 2828 2203 2891 R.
2248 2829 2324 2890 T.
2370 2827 2420 2891 I.
2466 2849 2529 2911 p.
2576 2834 2721 2894 471.

382 2929 484 2997 ed.
528 2930 673 3004 III.)
718 2929 1083 3010 concitaret,
1129 2935 1198 2991 ut
1241 2947 1322 2993 ex
1365 2926 1651 3008 comitio,
1697 2946 1821 3007 quo
1865 2927 2078 2992 curiae
2133 2948 2349 2994 eorum
2393 2931 2723 2995 convenis-

381 3039 543 3113 sent,
586 3032 656 3097 in
700 3039 885 3114 septa
924 3028 1222 3110 forensia,
1267 3048 1379 3094 seu
1425 3026 1621 3093 ovilia
1649 3028 1924 3092 tribuum
1960 3029 2027 3094 in
2055 3028 2187 3094 foro
2219 3030 2718 3113 constitutarum,

380 3134 594 3199 vocari
654 3154 724 3200 se
778 3137 1177 3217 paterentur,
1237 3149 1379 3194 cum
1434 3130 1627 3213 plebe
1682 3137 1980 3212 quattuor
2029 3131 2395 3214 rogationes
2438 3131 2722 3198 Licinias

378 3236 631 3301 iussuri.
702 3236 912 3316 Atque
951 3233 1021 3298 id
1063 3233 1272 3316 ipsum
1317 3238 1432 3314 est,
1478 3230 1648 3314 quod
1691 3232 1837 3297 aliis
1880 3232 2093 3298 verbis
2135 3234 2229 3297 ita
2275 3232 2650 3315 exprimitur
2677 3254 2720 3299 a

383 3342 458 3403 Τ.
502 3338 685 3403 Livio
732 3338 823 3402 VI
840 3385 856 3418 ,
917 3338 1018 3399 42.
1105 3334 1343 3397 Patres
1397 3343 1684 3395 auctores
1738 3333 2015 3396 omnibus
2069 3336 2201 3397 eius
2257 3336 2407 3396 anni
2457 3336 2720 3397 comitiis

384 3438 639 3522 (quibus
680 3440 893 3504 iussae
936 3438 1114 3518 leges
1158 3435 1445 3500 Liciniae
1488 3439 1658 3511 sunt)
1683 3433 1879 3517 sacti.
1969 3435 2172 3514 Quem
2231 3457 2562 3503 numerum
2605 3458 2716 3501 an-

380 3561 606 3607 norum
662 3539 1098 3606 substituimus
1152 3558 1266 3620 pro
1326 3534 1662 3602 CCCLXV
1718 3557 1864 3602 eum
1919 3557 2050 3601 non
2103 3539 2434 3603 mirabitur
2474 3538 2529 3604 is
2544 3588 2560 3620 ,
2618 3539 2719 3604 cui

380 3664 512 3708 non
556 3643 777 3726 ignota
819 3649 915 3708 est
957 3640 1118 3705 ratio
1160 3640 1590 3704 Romanorum
1633 3639 2065 3724 computandi.
