3499 5219
1269 473 1404 481 —
1496 442 1612 504 117
1700 478 1834 484 ——

377 606 625 672 indicat
677 624 808 670 non
857 626 1119 689 passum
1162 625 1306 673 esse
1349 626 1420 672 se
1462 608 1706 673 includi
1748 613 2040 693 angustis
2083 611 2314 679 finibus
2356 614 2541 680 istius
2584 617 2734 683 aevi

378 708 796 792 philologiae,
842 708 958 775 sed
1001 729 1132 775 non
1173 708 1494 777 infelicem
1524 710 1597 775 F.
1628 711 1706 776 A.
1720 711 1938 778 Wolfii
1979 715 2324 798 aemulum,
2368 715 2729 783 libertatem

378 809 703 893 quandam
731 809 1084 876 studiorum
1113 831 1280 894 quae
1312 812 1398 879 ab
1428 813 1828 881 humanitate
1852 822 2027 882 recte
2055 818 2486 901 appellantur,
2519 827 2730 887 osten·

380 913 572 979 disse.
667 910 876 993 Quam
919 914 1101 995 quasi
1142 913 1638 982 foecunditatem
1680 917 1924 998 ingenii
1966 937 2098 984 non
2140 927 2272 985 tam
2315 930 2543 989 nactus
2586 942 2731 990 esse

377 1013 690 1082 dicendus
747 1020 844 1080 est
900 1033 1009 1097 eo,
1082 1014 1253 1098 quod
1324 1023 1572 1083 mature
1626 1026 1893 1087 vocatus
1948 1027 2046 1086 est
2100 1021 2187 1087 ad
2245 1024 2529 1106 regenda
2583 1032 2733 1091 acta

377 1116 440 1181 di
448 1137 609 1183 urna
637 1116 1003 1183 Ienensium
1031 1118 1360 1200 litteraria,
1406 1138 1572 1201 quae
1614 1120 1756 1186 sine
1785 1119 1979 1186 dubio
2010 1129 2200 1206 caput
2225 1145 2358 1190 non
2387 1133 2728 1209 angustum

373 1218 812 1302 requirebant,
878 1239 1097 1301 quam,
1161 1220 1450 1286 innatam
1503 1221 1662 1303 sibi,
1730 1223 1938 1305 magis
1992 1225 2324 1307 magisque
2381 1226 2728 1294 adauxisse

374 1328 568 1404 atque
611 1321 978 1405 expoliisse.
1058 1322 1161 1386 Ita
1202 1322 1439 1387 factum
1483 1328 1599 1403 est,
1643 1330 1714 1388 ut
1757 1343 1888 1388 non
1932 1325 2138 1390 solum
2182 1327 2250 1390 in
2294 1328 2516 1411 lingua
2560 1337 2733 1395 utra.-

378 1442 500 1505 que
516 1471 533 1505 ,
579 1422 647 1488 in
690 1423 897 1507 poetis
942 1430 1007 1490 et
1047 1424 1490 1508 scriptoribus,
1535 1425 1604 1489 in
1647 1425 1869 1491 critica
1909 1425 2263 1492 factitanda
2276 1476 2294 1511 ,
2340 1429 2409 1494 in
2453 1431 2724 1512 antiqui-

374 1524 616 1592 tatibus
673 1525 1059 1592 Graeeorum
1114 1533 1178 1591 et
1233 1527 1664 1591 Romanorum
1723 1527 2154 1611 explanandis
2226 1529 2548 1597 habitaret
2608 1534 2727 1598 scd

375 1626 570 1692 etiam
612 1627 680 1691 in
723 1628 1024 1694 historiae
1037 1676 1054 1709 ‚
1098 1628 1168 1693 in
1208 1627 1573 1711 theologiae
1586 1675 1604 1709 ,
1657 1628 1726 1692 in
1770 1628 2305 1712 iurisprudentiae
2346 1632 2511 1698 adeo
2557 1654 2727 1699 cam-

372 1748 493 1812 pos
536 1749 668 1794 non
710 1728 987 1796 infausto
1031 1730 1245 1795 omine
1288 1728 1714 1812 egrederetur.
1810 1728 2005 1797 Cuius
2047 1732 2140 1797 rei
2184 1735 2719 1816 opportunitatem

373 1851 504 1895 non
549 1832 754 1896 solum
798 1832 1037 1915 scripta
1078 1830 1216 1898 eius
1258 1837 1573 1897 testantur
1615 1830 2116 1914 quamplurima,
2174 1833 2291 1899 sed
2346 1836 2539 1901 etiam
2582 1854 2721 1920 per-

372 1931 759 2000 honorificae
812 1933 1073 2000 tabulae
1125 1932 1597 2000 academiarum
1653 1939 1717 1999 et
1772 1933 2167 2001 societatum.
2253 1935 2489 2002 Verum
2559 1937 2723 2004 haee

373 2033 590 2100 omnia
632 2053 751 2117 ego
795 2034 989 2101 hodie
1029 2055 1159 2101 non
1203 2042 1484 2118 tangam.
1571 2034 1800 2099 Dicam
1859 2034 1941 2102 de
1996 2057 2122 2101 uno
2180 2043 2428 2103 tantum
2484 2059 2723 2122 genere

374 2134 704 2203 doctrinae
717 2185 735 2219 ,
824 2156 949 2219 quo
1019 2135 1429 2203 Eichstadius
1513 2155 1670 2219 prae
1756 2136 2051 2204 omnibus
2134 2137 2226 2203 ita
2310 2141 2571 2208 excellit
2651 2151 2725 2207 ut

372 2240 478 2305 vel
535 2240 659 2305 hoc
711 2238 849 2307 solo
904 2239 1149 2321 gloriae
1204 2238 1392 2304 huius
1447 2236 1820 2304 academiae
1884 2237 2058 2305 haud
2114 2240 2518 2314 mediocriter
2577 2262 2724 2309 con-

373 2341 645 2407 suluisse
687 2340 1010 2424 putandus
1055 2339 1171 2424 sit;
1233 2338 1441 2405 dicam
1484 2338 1655 2405 enim
1698 2339 1782 2406 de
1825 2339 2197 2406 Eichstadio
2242 2350 2509 2409 oratore.
2596 2344 2715 2423 Qui

371 2440 441 2506 fit
494 2449 708 2508 autem
723 2490 741 2525 ,
797 2449 895 2524 ut,
961 2462 1152 2524 quum
1208 2440 1645 2507 Eichstadium
1700 2460 1937 2506 nomen
1991 2443 2477 2524 pronuntiamus
2535 2447 2723 2512 nobis

373 2544 554 2627 quasi
598 2543 850 2612 animus
894 2542 1002 2609 flat
1043 2541 1329 2611 latinus?
1416 2543 1666 2627 Nempe
1720 2541 1843 2607 hoc
1900 2540 2166 2609 efficitur
2221 2552 2358 2611 arte
2402 2545 2539 2614 eius
2582 2566 2721 2613 ora-

370 2646 564 2728 toria,
624 2666 787 2728 quae
840 2668 970 2712 non
1025 2666 1141 2731 per
1198 2646 1456 2712 dumeta
1508 2666 1584 2710 ac
1625 2664 1857 2728 vepres
1899 2644 2142 2712 latinae
2183 2646 2443 2730 linguae
2486 2650 2720 2716 misere

369 2754 696 2833 perreptat
748 2748 1090 2831 frustisque
1146 2755 1477 2833 poetarum
1532 2767 1607 2812 ac
1662 2747 2041 2830 scriptorum
2089 2747 2418 2830 pueriliter
2459 2750 2721 2818 inhians

368 2850 751 2933 farraginem
796 2858 862 2916 et
903 2851 1087 2933 quasi
1128 2858 1406 2916 saturam
1452 2848 1905 2930 cogitationum
1948 2848 2385 2933 dictorumque
2425 2852 2518 2915 ita
2553 2872 2719 2918 com-

370 2950 570 3035 ponit,
615 2958 686 3016 ut
727 2951 1104 3017 scurrariam
1147 2958 1392 3018 vestem
1436 2969 1564 3015 non
1608 2954 1822 3031 togam
1852 2950 2282 3016 Romanorum
2312 2972 2572 3019 cernere
2600 2954 2717 3019 tibi

373 3052 666 3135 videare,
728 3052 845 3120 sed
886 3053 1163 3119 naturali
1218 3050 1493 3136 quadam
1550 3050 2028 3133 pulchritudine
2066 3052 2344 3135 assurgit
2385 3074 2719 3136 argumen-

370 3155 598 3238 tisque,
646 3152 727 3221 de
769 3154 1000 3237 quibus
1041 3155 1318 3237 loquitur
1359 3161 1491 3220 tam
1518 3160 1670 3238 apte
1697 3152 2066 3237 respondet,
2109 3160 2180 3218 ut
2206 3154 2404 3220 vestis
2434 3155 2717 3222 humano

370 3254 639 3339 corpori.
712 3255 877 3347 Sunt
906 3264 1120 3323 autem
1146 3255 1348 3338 multi,
1393 3255 1499 3339 qui
1541 3255 1736 3322 hodie
1779 3255 1946 3320 hanc
1979 3255 2410 3338 eloquentiam
2445 3258 2711 3326 latinam

370 3363 820 3442 aspernentur,
896 3359 1003 3441 qui
1063 3358 1517 3424 intermortuae
1580 3357 1840 3441 linguae
1902 3375 2127 3439 voces,
2201 3377 2393 3438 quum
2458 3359 2716 3442 publice

368 3459 743 3543 audiuntur,
816 3460 1045 3526 inanes
1115 3479 1257 3527 esse
1324 3464 1552 3543 putent
1621 3466 1686 3525 et
1757 3457 1938 3542 quasi
2001 3464 2253 3541 spectra
2313 3458 2713 3542 antiquorum

367 3560 653 3628 heroum.
726 3561 870 3628 Nae
909 3561 1015 3627 isti
1056 3560 1517 3629 incredibiliter
1557 3559 1884 3625 falluntur.
1965 3557 2285 3639 Quamdiu
2329 3560 2498 3625 enim
2542 3562 2715 3646 vige-

367 3662 529 3728 bunt
580 3663 650 3727 in
694 3661 1041 3728 Germania
1088 3661 1303 3729 studia
1342 3661 1739 3745 antiquitatis
1779 3698 1867 3709 —-
1907 3667 1972 3726 et
2012 3660 2321 3744 vigebunt
2365 3661 2515 3727 dum
2559 3663 2717 3731 Ger-

369 3764 544 3830 mani
575 3764 912 3831 Germanis
954 3763 1196 3830 similes
1239 3784 1380 3831 esse
1422 3763 1845 3844 manebimus,
1888 3760 1974 3827 ad
2006 3767 2294 3828 veterum
2326 3761 2709 3831 Graecorum

368 3867 925 3949 Romanorumque
968 3867 1294 3950 exempla,
1338 3873 1643 3950 tanquam
1686 3864 1773 3929 ad
1816 3863 2202 3932 clarissimos
2246 3866 2713 3948 septentriones

368 3975 633 4051 nautae,
694 3988 945 4034 cursum
1001 3966 1378 4052 dirigentes:
1444 3966 1690 4034 tamdiu
1745 3965 1920 4050 apud
1974 3986 2093 4032 nos
2147 3986 2280 4032 non
2338 3965 2712 4033 destituetur

368 4069 611 4137 honore
664 4090 779 4136 suo
837 4070 1203 4153 eloquentia
1257 4071 1480 4136 latina.
1568 4069 1736 4135 Nam
1793 4066 1900 4151 qui
1955 4067 2188 4150 latine,
2246 4088 2434 4152 pure,
2494 4070 2706 4151 plane,

370 4169 680 4254 dilucide,
755 4178 977 4237 ornate
1031 4172 1316 4238 scribunt
1367 4179 1433 4239 et
1483 4172 1857 4254 loquuntur,
1931 4169 1978 4233 ii
2048 4189 2285 4253 magna
2355 4190 2496 4236 cum
2559 4190 2712 4236 cura

366 4292 729 4357 magnaque
758 4273 1093 4357 diligentia
1119 4273 1211 4339 ita
1238 4272 1421 4356 quasi
1463 4291 1533 4339 se
1575 4272 1937 4339 insinuasse
1982 4269 2236 4338 dicendi
2278 4278 2426 4338 sunt
2465 4272 2532 4336 in
2574 4272 2710 4336 ani-

370 4393 509 4440 mos
550 4375 1011 4458 Romanorum,
1067 4382 1137 4440 ut
1185 4372 1507 4459 cogitandi
1550 4372 2000 4455 sentiendique
2039 4373 2204 4438 ratio
2247 4393 2377 4439 non
2421 4374 2705 4455 paullum
