3499 5219
1347 419 1834 480 —5—
2390 464 2412 498 ·

426 585 659 663 Scripta
698 585 760 645 in
800 587 1055 645 natalem
1098 604 1267 647 suum
1310 585 1416 662 qui
1457 585 1571 646 fuit
1596 587 1743 646 XIII
1772 586 1914 646 Maii
1955 588 2094 649 anni
2134 588 2386 649 MDXV..
2432 604 2552 666 quo
2595 590 2691 652 die
2734 610 2775 651 a

813 687 1159 764 gravissimo
1201 688 1407 748 morbo
1449 687 1691 748 liberari
1734 688 1932 766 coepit
1971 689 2045 748 A.
2090 690 2366 750 MDLVI.

768 822 1055 882 Exoriare
1099 822 1227 885 dies
1268 842 1473 885 auram
1514 824 1778 900 spirante
1821 842 2109 902 serenam,

757 955 762 961 .
857 906 972 980 Qui
1014 908 1204 984 prima
1247 912 1339 969 est
1379 908 1568 971 omnis
1606 909 1762 973 lucis
1805 909 2008 988 origo,
2037 910 2189 971 Dec.

767 993 934 1052 Haec
977 996 1067 1053 est
1108 993 1300 1070 prima
1340 994 1471 1054 dies
1511 994 1798 1057 decimam
1838 1012 1993 1071 quae
2036 992 2213 1055 tertia
2251 994 2392 1055 Maii

851 1078 1015 1141 Pone
1059 1096 1316 1155 sequens
1359 1079 1527 1141 cunis
1566 1078 1736 1140 fulsit
1777 1080 1989 1140 oborta
2028 1080 2174 1141 meis
2217 1084 2329 1141 etc.

592 1210 855 1297 Erravit,
887 1212 1080 1293 igitur
1121 1210 1351 1276 Melch.
1395 1210 1607 1279 Adam
1656 1212 1726 1276 in
1782 1211 1930 1277 vitis
1971 1211 2437 1277 Germanorum
2492 1213 2773 1297 philoso-

418 1314 690 1395 phorum
736 1311 1054 1392 (Heidelb.
1094 1316 1275 1379 1615.
1306 1335 1370 1397 p.
1405 1315 1552 1391 234)
1601 1314 1707 1396 qui
1753 1313 1860 1379 die
1900 1313 2053 1379 Maii
2091 1312 2321 1393 ⁴ultima
2362 1319 2583 1379 natum
2627 1335 2773 1382 esse

418 1413 614 1480 tradit
627 1436 648 1502 3
661 1416 703 1491 ¹)
749 1416 986 1480 erravit
1028 1415 1222 1481 etiam
1265 1415 1590 1481 Fincelius
1634 1416 1742 1496 qui
1786 1435 2026 1482 annum
2070 1414 2360 1481 MDXVI
2401 1417 2538 1481 nati
2567 1416 2772 1501 Stige-

417 1517 492 1580 lii
536 1516 716 1581 dixit.
789 1516 1043 1581 Patrem
1086 1517 1311 1582 habuit
1353 1517 1692 1582 Nicolaum
1733 1518 2052 1598 „honesta
2091 1516 2340 1583 familia
2377 1517 2587 1600 gentis
2629 1519 2773 1584 thu-

416 1620 700 1702 ringicae
729 1618 977 1684 ortum“
1021 1625 1089 1682 ut
1131 1614 1286 1683 dicit
1313 1619 1366 1683 I.
1401 1618 1802 1684 Camerarius
1839 1616 1999 1698 (vita
2026 1618 2105 1682 H.
2137 1618 2391 1684 Eobani
2418 1618 2610 1685 Hessi
2639 1624 2771 1703 28),

419 1720 648 1802 quibus
677 1720 729 1785 Ι.
759 1719 1082 1784 Fincelius
1125 1718 1308 1784 addit
1350 1739 1432 1787 ex
1475 1739 1555 1786 ea
1594 1719 1842 1785 familia
1883 1720 2171 1802 „aliquot
2212 1719 2385 1786 viros
2427 1720 2775 1805 prudentia

417 1829 483 1888 et
509 1822 743 1887 virtute
772 1821 1216 1905 praestantes“
1243 1829 1429 1888 natos
1460 1841 1635 1906 esse;
1679 1822 1873 1887 fratre
1902 1842 2053 1887 usus
2084 1829 2182 1886 est
2214 1817 2479 1905 minore,
2524 1824 2772 1890 Ioanne

418 1925 611 1990 etiam
655 1923 824 1989 dicto
837 1970 856 2005 ‚
912 1924 1090 1990 cuius
1131 1925 1413 1989 animum
1456 1922 1543 1988 ad
1585 1923 1802 1988 studia
1839 1923 2254 1991 humanitatis
2297 1925 2603 1993 excitavit
2641 1925 2772 1992 ele-

417 2027 542 2109 gia,
556 2027 600 2102 2)
647 2045 862 2091 sorore
906 2026 1223 2107 Susanna,¹
1267 2045 1430 2107 quae
1473 2032 1703 2108 postea
1743 2026 1846 2103 (A.
1876 2025 2165 2102 MDLV.)
2209 2026 2430 2109 nupsit
2458 2026 2766 2109 Fincelio‚

419 2127 684 2212 physico
742 2134 876 2192 tum
931 2127 1315 2192 Vimariensi
1328 2175 1346 2209 ,
1420 2125 1507 2191 ad
1563 2144 1752 2208 quem
1809 2126 2047 2210 scripta
2113 2135 2214 2193 est
2278 2128 2414 2193 alia
2478 2128 2703 2211 elegia,
2721 2128 2765 2206 8)

416 2229 707 2313 patruele
734 2228 1080 2311 Ioachimo‚
1126 2228 1456 2294 Ecclesiae
1484 2228 1887 2294 Isenacensis
1914 2227 2307 2312 ministro)‚⁴)
2352 2227 2545 2295 affine
2572 2230 2771 2295 Fran-

417 2332 604 2414 cisc0,
651 2336 988 2435 quaestore
1029 2329 1466 2415 praefecturae
1509 2329 2024 2413 Gerstungensis.
2039 2331 2084 2406 ³)

587 2434 688 2499 De
729 2412 959 2516 prima
979 2432 1116 2497 eius
1158 2432 1433 2514 pueritia
1481 2432 1641 2496 nihil
1701 2437 2093 2517 compertum
2147 2431 2459 2498 habemus
2514 2440 2771 2517 praeter

415 2534 485 2600 id
541 2533 714 2620 quod
765 2534 906 2619 ipse
960 2533 1239 2598 carmine
1296 2531 1572 2616 quodam
1630 2531 1712 2599 de
1776 2553 1848 2601 se
1908 2532 2224 2618 narravit,
2298 2533 2377 2599 A.
2435 2534 2768 2600 MDLVII.

418 2639 652 2723 scripte
671 2637 744 2714 2⁶)

714 2773 989 2833 Nondum
1031 2791 1306 2849 egressus
1349 2790 1508 2832 eram
1550 2772 1725 2849 primi
1770 2770 2023 2833 confinia
2064 2772 2257 2852 lustri,

806 2858 1003 2918 Mollis
1046 2858 1240 2918 adhuc
1282 2858 1451 2918 annis
1495 2862 1556 2917 et
1595 2862 1768 2920 tener
1811 2875 1914 2917 ore
1958 2875 2141 2934 puer:

714 2943 876 3003 Luce
921 2962 1091 3003 sacra
1132 2947 1377 3003 matrem
1420 2942 1730 3002 ducentem
1774 2943 1850 3001 ad
1892 2942 2113 3019 templa
2156 2944 2470 3024 sequebar,

808 3029 1053 3105 Ignotae
1097 3028 1316 3087 saliens
1359 3028 1550 3087 laetus
1594 3041 1791 3087 amore
1835 3026 1997 3086 viae:

714 3114 870 3173 Ecce
914 3114 1103 3191 gigas,
1148 3113 1370 3190 populo
1414 3112 1488 3171 de
1533 3130 1596 3172 se
1639 3111 1980 3189 spectacula
2020 3112 2334 3190 praebenS‚

806 3199 1087 3259 Ambulat
1125 3198 1351 3274 ingenti
1395 3214 1644 3274 corpore
1688 3214 1863 3256 rarus
1905 3196 2111 3256 homo:

712 3283 990 3343 Accurrit
1027 3283 1220 3343 studio
1263 3283 1541 3343 novitatis
1582 3281 1796 3342 mobile
1838 3281 2079 3359 vulgus,

804 3368 1006 3429 Plebis
1047 3368 1109 3427 in
1151 3368 1311 3427 hunc
1353 3368 1558 3428 oculus
1601 3366 1782 3426 totius
1826 3384 1978 3426 unus
2021 3369 2181 3425 erat:

711 3454 1102 3530 Amnigenum
1145 3456 1346 3513 versat
1390 3470 1509 3529 qua
1550 3455 1785 3511 torrens
1827 3470 2038 3529 agmen
2082 3469 2370 3527 aquarum

803 3539 963 3598 Pons
1007 3539 1135 3597 erat
1176 3537 1429 3597 occlusis
1470 3536 1851 3596 traiiciendus
1894 3535 2083 3613 aquis.

711 3624 848 3700 Ipse
894 3641 1155 3702 quoque,
1201 3623 1474 3682 exultans
1516 3622 1739 3682 circum
1783 3620 2093 3698 pueriliter
2135 3620 2352 3698 audax,

805 3711 876 3768 In
918 3709 1143 3768 medias
1181 3726 1374 3768 merso
1418 3725 1667 3784 corpore
1710 3707 1881 3767 labor
1923 3724 2127 3782 aquas.

713 3794 794 3855 Vt
837 3794 986 3853 levis
1029 3812 1104 3853 ex
1146 3794 1389 3870 scopulo
1432 3793 1669 3853 venturi
1710 3791 1964 3852 nuncius
2006 3790 2207 3850 imbris

806 3880 1048 3955 Mergus
1091 3878 1149 3937 in
1195 3897 1523 3956 aequoreas
1564 3877 1988 3955 praecipitatur
2030 3893 2239 3953 aquas,

551 4130 586 4189 ¹)
621 4130 770 4181 Facit
805 4146 914 4180 cum
952 4130 1047 4180 hoc
1078 4131 1399 4182 Eichstadius
1433 4129 1490 4179 in
1511 4127 1784 4177 Memorab.
1822 4127 1962 4178 acad.
1999 4127 2102 4175 len.
2140 4126 2237 4174 ΙΙΙ.
2275 4124 2363 4189 qui
2400 4129 2536 4177 totus
2570 4126 2759 4193 pendet

415 4214 479 4265 ab
515 4215 721 4266 Adamo.
861 4213 898 4278 ²)
936 4215 990 4263 T.
1029 4215 1098 4265 ΙΙ.
1134 4214 1171 4264 f.
1207 4216 1323 4265 243.
1457 4211 1494 4275 ³)
1532 4211 1587 4262 T.
1624 4212 1657 4261 1.
1695 4212 1732 4264 f.
1769 4214 1886 4264 317.
1922 4210 1998 4260 Cf.
2035 4210 2092 4260 T.
2120 4212 2159 4260 I.
2197 4210 2233 4264 f.
2263 4212 2344 4262 63.
2365 4227 2409 4260 v.
2547 4210 2588 4275 ⁴)
2624 4210 2682 4262 T.
2712 4212 2756 4264 1.

416 4301 450 4350 f.
488 4302 584 4353 268
624 4317 698 4363 ν.,
749 4299 810 4350 de
858 4315 956 4363 quo
1003 4315 1049 4349 v.
1087 4297 1204 4350 Chr.
1242 4299 1330 4362 Fr.
1363 4296 1590 4348 Paullini
1627 4296 1847 4347 Annales
1882 4297 2077 4348 Isenac.
2126 4311 2176 4360 p,
2230 4297 2340 4347 196.
2478 4294 2517 4359 ⁵)
2564 4294 2619 4344 T.
2657 4296 2754 4347 111.

414 4386 451 4438 f.
496 4387 587 4437 112
625 4401 670 4437 ν.
809 4385 848 4446 ⁰)
885 4384 941 4432 T.
980 4385 1018 4432 Ι.
1055 4383 1089 4431 f.
1129 4385 1224 4436 327
1263 4399 1307 4433 v,
