3499 5219
1664 454 2227 519 ——158-——ss—

780 634 923 692 tura
937 625 1000 700 ¹).
1088 622 1254 688 Hinc
1296 624 1487 708 igitur
1528 624 1811 707 graviter
1842 624 2131 690 invectus
2161 628 2259 689 est
2286 624 2355 688 in
2386 622 2710 706 Catonem,
2759 626 2938 690 cuius
2966 613 3120 693 ima-

779 728 994 812 ginem
1036 726 1376 792 adversam
1419 725 1704 811 pinxisse
1751 724 1969 791 Cicero
2013 725 2353 791 videbatur
2400 726 2891 810 pulcherrimam
2907 777 2923 809 ‚
2982 730 3117 795 eius

781 836 1028 913 partem
1082 829 1265 911 quasi
1319 848 1612 894 aversam
1668 828 1999 912 proposuit
2057 828 2489 911 turpissimam
2545 830 2891 913 multisque
2948 831 3119 895 vitiis

781 931 1297 997 contaminatam.
1396 928 1629 997 Omnia
1697 930 1868 996 enim
1941 949 2106 1012 quae
2176 929 2245 994 in
2302 929 2610 996 Catonem
2668 930 2828 995 dixit
2884 932 3118 998 Caesar

784 1032 955 1099 dicta
997 1039 1142 1098 sunt
1185 1033 1383 1115 seri0,
1443 1052 1808 1116 quanquam
1850 1030 2268 1099 invidiosiore
2309 1032 2529 1113 modo,
2591 1031 2675 1098 de
2722 1035 2923 1096 satira
2964 1037 3117 1096 scri·

784 1135 980 1198 benda
1021 1154 1152 1199 non
1196 1135 1553 1217 cogitavit²)
1609 1135 1733 1200 nisi
1788 1134 1950 1199 forte
2008 1152 2172 1216 quae
2227 1134 2297 1199 in
2352 1135 2675 1218 prooemio
2720 1135 3118 1202 Anticatonis

784 1237 867 1304 de
901 1236 1213 1301 Cicer-om&
1240 1235 1538 1302 laudibus
1573 1236 1946 1320 conscripsit
1988 1235 2233 1303 ironiae
2277 1236 2599 1319 quandam
2643 1238 2923 1322 speciem
2966 1259 3122 1323 prae

784 1359 855 1405 se
896 1339 1122 1404 ferunt.
1206 1338 1584 1404 Plutarchus
1627 1339 1799 1404 enim
1844 1339 1976 1416 (vit.
2023 1337 2151 1403 Cic.
2195 1340 2302 1415 39)
2345 1338 2538 1405 refert
2573 1338 2916 1406 Caesarem
2959 1361 3121 1406 com·

784 1443 1115 1528 paravisse
1173 1439 1540 1507 Ciceronem
1613 1461 1758 1506 cum
1813 1441 2059 1506 Pericle
2131 1447 2195 1507 et
2249 1441 2654 1508 Theramene
2665 1442 2730 1519 ³).
2831 1441 3013 1521 Quae
3068 1441 3121 1507 si

786 1552 967 1613 erant
1021 1545 1259 1610 ironice
1316 1544 1487 1609 dicta
1542 1544 1837 1626 mitigata
1893 1550 2110 1608 tamen
2167 1549 2316 1609 sunt
2372 1562 2448 1609 eo
2503 1542 2674 1626 quod
2737 1543 2993 1609 addidit
3054 1565 3122 1609 se

783 1648 991 1731 ipsum
1046 1646 1114 1711 in
1165 1646 1356 1711 bellis
1410 1644 1710 1728 gerendis
1766 1645 2322 1728 occupatissimum
2368 1645 2556 1725 (Plut.
2603 1645 2785 1712 Caes.
2832 1650 2895 1723 3)
2951 1646 3125 1712 nolle

786 1748 1075 1815 Ciceroni
1139 1747 1658 1831 eloquentissimo
1716 1746 1854 1811 viro
1919 1746 2341 1830 aequiparari.
2427 1748 2564 1814 Nec
2619 1748 2832 1815 minus
2888 1747 3125 1814 ironice

789 1851 958 1917 dicta
993 1849 1307 1931 videntur,
1352 1849 1408 1915 si
1449 1848 1774 1932 pertinent
1817 1847 1903 1913 ad
1932 1848 2398 1929 Anticatonem‚
2446 1869 2610 1931 quae
2640 1850 2885 1915 Plinius
2931 1850 3125 1915 babet

786 1953 865 2019 H.
925 1953 1004 2018 N.
1047 1952 1202 2033 VII,
1269 1955 1408 2015 117.
1483 1949 1565 2016 de
1623 1949 1929 2016 Cicerone
1984 1971 2026 2015 a
2081 1948 2355 2016 Caesare
2421 1951 2623 2016 dicta:
2710 1951 3125 2033 „Ciceronem

788 2055 1068 2122 omnium
1138 2053 1598 2136 triumphorum
1670 2052 1957 2117 lauream
2016 2051 2322 2136 adeptum
2380 2071 2521 2118 esse
2579 2052 2951 2120 maiorem.“
3049 2054 3125 2118 In

786 2159 1152 2223 universum
1196 2162 1408 2221 autem
1455 2154 1691 2220 Caesar
1732 2154 1801 2219 in
1842 2153 2267 2237 vituperando
2312 2153 2557 2220 Catone
2600 2155 2709 2220 via
2763 2163 2826 2222 et
2880 2157 3130 2220 ratione

789 2258 1065 2342 quadam
1120 2256 1397 2322 oratoria
1451 2277 1603 2322 usus
1660 2264 1757 2322 est
1771 2259 1816 2335 ⁴)
1871 2258 1939 2321 in
1995 2256 2406 2338 Anticatone‚
2481 2256 2651 2339 quod
2712 2258 2853 2341 ipse
2907 2256 3129 2323 Cicero

788 2368 934 2446 post
975 2366 1243 2424 mortem
1288 2357 1579 2425 Caesaris
1622 2360 1871 2424 notavit
1913 2359 2333 2424 subirascens.
2423 2358 2580 2440 ‚,At‚
2640 2378 2832 2441 quum
2883 2358 3131 2443 aliquid

791 2464 873 2530 de
927 2461 1228 2541 utilitate,
1288 2460 1655 2540 honestate,
1723 2460 2046 2542 aequitate
2104 2459 2464 2542 disseritur,
2539 2460 2746 2543 deque
2801 2462 2882 2528 iis
2939 2464 3133 2528 rebus

791 2585 955 2649 quae
999 2570 1145 2631 sunt
1184 2562 1286 2629 bis
1328 2561 1713 2628 contrariae:
1758 2562 2084 2628 incurrunt
2126 2571 2328 2633 status
2358 2573 2469 2633 aut
2494 2564 2648 2632 iuris
2678 2571 2787 2630 aut
2815 2564 3129 2631 nominis:

791 2666 962 2751 quod
1017 2666 1188 2731 idem
1245 2663 1555 2746 contingit
1595 2664 1662 2727 in
1704 2659 2201 2732 laudationibus.
2288 2667 2457 2733 Nam
2501 2674 2613 2732 aut
2651 2667 2878 2749 negari
2920 2674 3133 2750 potest

791 2768 859 2833 id
902 2768 1137 2833 factum
1181 2785 1349 2848 esse,
1398 2764 1569 2847 quod
1602 2766 1930 2847 laudatur,
1977 2773 2087 2831 aut
2127 2785 2258 2833 non
2304 2787 2379 2834 eo
2423 2769 2682 2835 nomine
2725 2767 3129 2835 afficiendum

781 2857 916 2954 *quo
957 2869 1254 2934 laudator
1295 2867 1611 2951 affecerit,
1670 2873 1783 2931 aut
1841 2868 2098 2933 omnino
2154 2890 2285 2935 non
2344 2890 2486 2937 esse
2537 2870 2898 2953 laudabile,
2962 2870 3133 2954 quod

687 2995 700 3012 ·
791 2993 922 3039 non
963 2979 1151 3052 recte,
1196 2991 1326 3034 non
1366 2970 1504 3035 iure
1545 2968 1782 3033 factum
1826 2969 1926 3034 sit.
2002 2969 2245 3049 Quibus
2291 2974 2584 3039 omnibus
2612 2974 2951 3055 generibus
2980 2993 3136 3038 usus

794 3082 891 3143 est
932 3074 1121 3139 nimis
1161 3069 1567 3154 impudenter
1583 3072 1627 3147 ⁵)
1673 3069 1911 3136 Caesar
1951 3072 2019 3136 in
2064 3072 2372 3139 Catonem
2415 3095 2625 3140 meum
2670 3076 2911 3158 (Topic.
2961 3073 3132 3151 25).“

961 3175 1115 3240 Dixi
1168 3192 1470 3256 magnam
1525 3192 1645 3238 nos
1701 3172 1928 3239 fecisse
1985 3174 2293 3239 iacturam
2336 3177 2602 3260 perditis
2644 3177 3135 3241 Anticatonibus

797 3278 1602 3362 Caesaris3‚verumtamen
1644 3293 1777 3338 non
1822 3275 2027 3340 omnis
2072 3295 2220 3359 spes
2262 3276 2662 3343 intercidisse
2702 3278 2957 3343 videtur
2998 3277 3133 3343 fore

796 3389 864 3446 ut
906 3377 1251 3462 aliquando
1294 3376 1703 3442 inveniantur
1744 3376 1815 3441 hi
1854 3376 2003 3441 libri
2047 3376 2558 3460 ,‚famosissimi“,
2622 3385 2691 3444 ut
2745 3378 2908 3444 dixit
2956 3381 3133 3445 scho-

795 3483 986 3548 liasta
1014 3479 1358 3546 Iuvenalis.
1439 3479 1606 3543 Nam
1637 3477 1772 3541 Iolz.
1805 3477 2166 3555 Ludovz’cus
2207 3479 2383 3542 Vives
2394 3480 2438 3557 ⁶)
2485 3502 2676 3563 quum
2706 3483 3128 3564 Augustinum

934 3737 966 3796 ¹)
1005 3736 1142 3785 Suet.
1175 3733 1313 3785 Caes.
1350 3734 1433 3785 58.
1496 3730 1717 3781 Verbum
1753 3731 1824 3781 M.
1861 3730 2070 3781 Catonis
2106 3736 2181 3782 est
2220 3749 2372 3782 unum
2408 3749 2467 3782 ex
2502 3733 2735 3785 omnibus
2772 3734 3032 3785 Caesarem
3069 3736 3131 3785 ad

799 3819 1114 3870 evertendam
1149 3816 1510 3883 rempublicam
1547 3815 1772 3865 sobrium
1807 3816 2089 3866 accessisse.
2229 3815 2265 3881 ²)
2309 3819 2394 3869 011.
2425 3818 2699 3871 Merivale:
2731 3821 2927 3886 history
2963 3821 3020 3870 of
3049 3822 3133 3870 the

799 3905 1018 3955 Romans
1066 3902 1225 3953 under
1270 3903 1355 3953 the
1389 3901 1613 3966 Empire.
1668 3899 1725 3952 T.
1763 3902 1817 3950 II
1855 3901 1949 3961 (ed.
1985 3901 2076 3965 ΙΙ.)
2111 3916 2162 3966 p.
2200 3904 2328 3954 498:
2377 3904 2496 3962 „the
2541 3904 2822 3955 celebrated
2867 3907 3022 3957 satire
3067 3921 3129 3954 on

801 3989 977 4039 Cat0.“
1114 3987 1149 4049 ³)
1197 3987 1341 4038 Certe
1390 4001 1516 4052 quae
1563 3985 1623 4035 de
1672 3984 1932 4035 Ciceronis
1977 3986 2314 4037 similitudine
2363 4004 2476 4037 cum
2523 3987 2829 4040 Theramene
2877 3988 3135 4039 cothurno

800 4075 932 4126 dixit
956 4072 1137 4123 Caesar
1171 4088 1270 4124 non
1308 4071 1438 4121 serio
1475 4070 1612 4120 dicta
1648 4075 1783 4122 sunt.
1839 4071 2162 4121 Theramenis
2198 4074 2332 4122 enim
2363 4072 2617 4124 orationes
2634 4071 2891 4125 Ciceronis
2920 4079 3130 4125 aetatem

800 4175 901 4210 non
937 4158 1166 4207 tulerunt
1200 4159 1265 4216 (v.
1286 4156 1390 4206 Cic.
1429 4155 1488 4204 de
1524 4159 1650 4204 orat.
1680 4155 1752 4215 11,
1782 4156 1884 4214 22),
1919 4160 1979 4206 ut
2013 4156 2136 4207 haec
2171 4157 2459 4221 potuissent
2493 4157 2553 4207 de
2588 4159 2809 4209 hominis
2844 4157 3133 4225 eloquentia

800 4242 1043 4307 intelligi.
1181 4242 1222 4308 ⁴)
1272 4255 1318 4292 v,
1368 4239 1582 4296 Quintil.
1637 4240 1765 4288 Inst.
1817 4239 1926 4301 ΠΙ,
1980 4241 2007 4289 7
2057 4240 2142 4291 fin.
2284 4241 2321 4304 ⁵)
2374 4242 2711 4308 Imprudenter
2760 4243 2950 4310 legitur
3001 4243 3133 4309 apud

801 4330 858 4380 F.
894 4330 1175 4380 Kranerum
1209 4342 1260 4391 p.
1300 4327 1415 4384 397,
1462 4324 1591 4373 vitio
1627 4323 1959 4389 typothetico,
2007 4329 2064 4374 ut
2099 4325 2315 4376 videtur.
2451 4328 2491 4392 ⁶)
2525 4343 2570 4378 v.
2609 4327 2834 4394 Paquot:
2868 4329 3136 4380 Memoircs

803 4413 864 4465 de
898 4413 1143 4464 l'histoire
1179 4411 1426 4461 litter-aire
1459 4437 1527 4447 -
1563 4408 1649 4457 des
1684 4410 1950 4474 Pays-Bas,
1988 4407 2041 4460 T.
2080 4409 2151 4472 II,
2188 4425 2239 4475 p.
2269 4412 2347 4463 34.
2388 4413 2526 4475 (oct.)
