3499 5219
1260 457 1379 465 —--
1483 421 1829 484 303——

1041 583 2059 666 HfflorjAHKAmAHMOZ

899 700 1143 772 ΞΕΝΟ
1153 701 2015 769 ΚΛΗΝΘΕΟΠΟΜΠΟΥ

899 822 1430 887 ΡΑΜΝΟΥΣΙΟ
1439 823 2043 884 ΝΕΙΣΗΓΗΤΗΝ·

905 939 1588 1005 ΓΕΝΟΜΕΝΟΝΤΟ
1599 938 2159 1002 ΥΣΙΤΩΝΙΚΟΥ

909 1065 1033 1123 TA
1042 1059 1300 1123 MJEJO
1311 1056 2215 1124 ΥΚΑΙΣΙΤΩΝΗΣΑΝΤΛ

906 1178 1474 1243 ΔΙΣΚΑῙΣΤΡΛ
1484 1175 2079 1242 ΤΗΓΟΝΕΠΙΤΟ
2091 1178 2196 1239 ΥΣ

911 1294 1945 1363 οΠΛΕΙΤΑΣΓΕΝοΜΕΝοΝ

909 1415 2041 1478 ΤΕΤΡΛΚῙΣΛΡΕΤΗΣΕΝΕΚΛ

902 1532 1739 1596 ΚΛῙΕΥΝΟΙΛΣΕΙΣΕΛ
1748 1531 1926 1595 YTO
1935 1535 2044 1594 ΥΣ

385 1709 577 1774 Talia
605 1706 911 1788 encomia,
944 1705 1296 1789 plebiscitis
1325 1705 1695 1788 perscripta,
1727 1705 1782 1771 si
1807 1705 2020 1771 curiae
2049 1705 2432 1789 excipienda
2460 1706 2731 1773 fuissent

389 1811 622 1891 omnia,
679 1811 857 1873 locus
911 1809 1052 1891 ipse
1109 1807 1322 1873 curiae
1390 1827 1520 1872 non
1576 1807 1950 1873 suffecisset.
2049 1807 2181 1873 Sed
2238 1808 2436 1873 dubia
2493 1810 2728 1888 omnia,

389 1913 618 1995 quibus
682 1911 766 1975 ab
832 1909 1016 1974 initio
1081 1909 1437 1993 premebar,
1504 1909 1694 1975 tertia
1757 1909 2075 1991 quaedam
2138 1910 2467 1993 inscriptio
2532 1912 2729 1994 plane

392 2012 748 2096 dissipavit,
796 2032 988 2094 quam
1032 2032 1114 2077 ex
1156 2012 1531 2095 apographo
1573 2012 1856 2092 Pittacis,
1903 2011 2039 2076 Viri
2080 2011 2542 2094 humanissimi,
2589 2032 2730 2077 cum

390 2115 734 2181 lectoribus
777 2133 948 2178 nunc
1002 2113 1503 2178 communicabo,
1593 2113 1742 2197 Ipse
1799 2113 1968 2178 enim
2030 2134 2161 2178 non
2216 2114 2397 2197 potui
2451 2114 2730 2179 interdiu

392 2216 764 2299 diligentius
805 2234 1261 2298 recognoscere
1302 2234 1458 2298 prae
1513 2215 1667 2280 solis
1710 2215 1957 2297 fulgore
1972 2263 1989 2297 ‚
2047 2215 2339 2297 quamvis
2393 2217 2497 2280 vel
2562 2235 2733 2297 aqua

392 2319 649 2401 saepius
692 2316 1002 2400 adspersa
1043 2319 1147 2383 vel
1192 2317 1452 2399 speculo
1496 2316 1816 2381 adhibito:
1861 2318 1954 2382 ita
1996 2336 2226 2382 exesus
2271 2323 2369 2382 est
2409 2317 2578 2400 lapis
2619 2318 2733 2382 ille

388 2428 677 2503 tempore
721 2418 1143 2501 diuturnoque
1185 2419 1328 2499 situ,
1385 2420 1527 2483 loco
1571 2419 1834 2502 insuper
1883 2417 2287 2483 incommodo
2350 2418 2737 2484 delitescens

390 2542 511 2587 nec
555 2528 687 2586 tam
731 2519 919 2586 facile
962 2526 1223 2603 propter
1265 2540 1450 2585 casas
1494 2519 1816 2602 adeundO,
1877 2520 2104 2602 quibus
2157 2519 2550 2603 parcendum
2596 2527 2734 2586 erat

397 2645 589 2706 quum
632 2629 981 2707 purgarent
1025 2629 1088 2688 et
1130 2623 1472 2706 aperirent.
1562 2623 1800 2687 Verum
1845 2622 2124 2688 dubitari
2167 2622 2389 2704 nequit
2432 2624 2583 2705 quin
2627 2623 2735 2688 hic

391 2726 613 2790 titulus
658 2725 919 2806 antiquo
965 2731 1028 2789 et
1082 2724 1338 2807 proprio
1398 2744 1511 2789 suo
1567 2726 1708 2790 loco
1768 2725 2114 2791 etiamnum
2172 2723 2481 2807 resideat,
2540 2745 2730 2806 quum

391 2826 792 2892 firmissimae
833 2826 1087 2891 insistat
1127 2827 1288 2907 basi,
1334 2826 1701 2893 simillimae
1740 2827 1874 2892 illis
1902 2826 2166 2891 basibus
2197 2826 2521 2907 stelarum,
2568 2845 2736 2907 quae

389 2929 459 2992 in
503 2929 756 2993 Theseo
800 2948 973 2993 nunc
1016 2935 1445 2993 asservantur.

561 3029 775 3095 Habet
818 3037 1030 3095 autem
1074 3030 1195 3094 ita:
