<?xml version="1.0" encoding="UTF-8"?>
<!DOCTYPE html PUBLIC "-//W3C//DTD XHTML 1.0 Transitional//EN"
    "http://www.w3.org/TR/xhtml1/DTD/xhtml1-transitional.dtd">
<html xmlns="http://www.w3.org/1999/xhtml" xml:lang="en" lang="en">
 <head>
  <title>
</title>
<meta http-equiv="Content-Type" content="text/html;charset=utf-8" />
  <meta name='ocr-system' content='tesseract 3.04.00' />
  <meta name='ocr-capabilities' content='ocr_page ocr_carea ocr_par ocr_line ocrx_word'/>
</head>
<body>
  <div class='ocr_page' id='page_1' title='image "./opusculaacademi00goetgoog_0057.png"; bbox 0 0 3499 5219; ppageno 0'>
   <div class='ocr_carea' id='block_1_1' title="bbox 1325 420 1851 482">
    <p class='ocr_par' dir='ltr' id='par_1_1' title="bbox 1325 420 1851 482">
     <span class='ocr_line' id='line_1_1' title="bbox 1325 420 1851 482; baseline 0.004 -20"><span class='ocrx_word' id='word_1_1' title='bbox 1325 420 1851 482; x_wconf 38' lang='grc' dir='ltr'><strong>ψῃ*</strong></span> 
     </span>
    </p>
   </div>
   <div class='ocr_carea' id='block_1_2' title="bbox 400 586 2759 1655">
    <p class='ocr_par' dir='ltr' id='par_1_2' title="bbox 400 586 2759 1655">
     <span class='ocr_line' id='line_1_2' title="bbox 716 586 2111 669; baseline 0.002 -21"><span class='ocrx_word' id='word_1_2' title='bbox 716 586 1092 664; x_wconf 85' lang='lat' dir='ltr'><strong>Eloquioque</strong></span> <span class='ocrx_word' id='word_1_3' title='bbox 1135 588 1357 667; x_wconf 83' lang='lat' dir='ltr'><strong>gravis,</strong></span> <span class='ocrx_word' id='word_1_4' title='bbox 1399 589 1587 650; x_wconf 80' lang='lat' dir='ltr'>nostri</span> <span class='ocrx_word' id='word_1_5' title='bbox 1630 589 1908 650; x_wconf 72' lang='lat' dir='ltr'><strong>facundia</strong></span> <span class='ocrx_word' id='word_1_6' title='bbox 1947 590 2111 669; x_wconf 90' lang='lat' dir='ltr'><strong>secli,</strong></span> 
     </span>
     <span class='ocr_line' id='line_1_3' title="bbox 802 673 2193 736; baseline 0.003 -4"><span class='ocrx_word' id='word_1_7' title='bbox 802 673 940 733; x_wconf 88' lang='lat' dir='ltr'><strong>Non</strong></span> <span class='ocrx_word' id='word_1_8' title='bbox 982 673 1172 733; x_wconf 86' lang='lat' dir='ltr'><strong>minor</strong></span> <span class='ocrx_word' id='word_1_9' title='bbox 1214 692 1435 734; x_wconf 88' lang='lat' dir='ltr'><strong>annoso</strong></span> <span class='ocrx_word' id='word_1_10' title='bbox 1477 675 1733 735; x_wconf 77' lang='lat' dir='ltr'><strong>Nestore</strong></span> <span class='ocrx_word' id='word_1_11' title='bbox 1777 675 2004 735; x_wconf 88' lang='lat' dir='ltr'><strong>Rhetor</strong></span> <span class='ocrx_word' id='word_1_12' title='bbox 2046 679 2193 736; x_wconf 88' lang='lat' dir='ltr'><strong>erat.</strong></span> 
     </span>
     <span class='ocr_line' id='line_1_4' title="bbox 717 757 2425 840; baseline -0.001 -20"><span class='ocrx_word' id='word_1_13' title='bbox 717 757 1180 833; x_wconf 83' lang='lat' dir='ltr'><strong>Grandiloquam</strong></span> <span class='ocrx_word' id='word_1_14' title='bbox 1225 759 1458 834; x_wconf 86' lang='lat' dir='ltr'><strong>quoties</strong></span> <span class='ocrx_word' id='word_1_15' title='bbox 1500 760 1782 840; x_wconf 89' lang='lat' dir='ltr'><strong>linguam,</strong></span> <span class='ocrx_word' id='word_1_16' title='bbox 1826 760 2200 837; x_wconf 79' lang='lat' dir='ltr'><strong>facundaque</strong></span> <span class='ocrx_word' id='word_1_17' title='bbox 2243 762 2425 821; x_wconf 86' lang='lat' dir='ltr'><strong>movit</strong></span> 
     </span>
     <span class='ocr_line' id='line_1_5' title="bbox 804 843 2146 922; baseline 0.001 -19"><span class='ocrx_word' id='word_1_18' title='bbox 804 843 944 922; x_wconf 91' lang='lat' dir='ltr'><strong>Ora,</strong></span> <span class='ocrx_word' id='word_1_19' title='bbox 993 843 1183 903; x_wconf 88' lang='lat' dir='ltr'><strong>fluens</strong></span> <span class='ocrx_word' id='word_1_20' title='bbox 1224 844 1460 921; x_wconf 86' lang='lat' dir='ltr'><strong>placido</strong></span> <span class='ocrx_word' id='word_1_21' title='bbox 1502 845 1739 905; x_wconf 88' lang='lat' dir='ltr'><strong>flumine</strong></span> <span class='ocrx_word' id='word_1_22' title='bbox 1787 846 1927 906; x_wconf 82' lang='lat' dir='ltr'><strong>Sala</strong></span> <span class='ocrx_word' id='word_1_23' title='bbox 1969 846 2146 908; x_wconf 90' lang='lat' dir='ltr'><strong>stetit.</strong></span> 
     </span>
     <span class='ocr_line' id='line_1_6' title="bbox 409 960 2759 1047; baseline 0.002 -20"><span class='ocrx_word' id='word_1_24' title='bbox 409 961 493 1027; x_wconf 90' lang='lat' dir='ltr'><strong>In</strong></span> <span class='ocrx_word' id='word_1_25' title='bbox 535 968 802 1044; x_wconf 89' lang='lat' dir='ltr'><strong>utroque</strong></span> <span class='ocrx_word' id='word_1_26' title='bbox 843 960 1248 1026; x_wconf 86' lang='lat' dir='ltr'><strong>matrimonio</strong></span> <span class='ocrx_word' id='word_1_27' title='bbox 1290 961 1410 1027; x_wconf 90' lang='lat' dir='ltr'><strong>hos</strong></span> <span class='ocrx_word' id='word_1_28' title='bbox 1442 961 1680 1029; x_wconf 88' lang='lat' dir='ltr'><strong>liberos</strong></span> <span class='ocrx_word' id='word_1_29' title='bbox 1710 963 1996 1028; x_wconf 81' lang='lat' dir='ltr'><strong>sustulit:</strong></span> <span class='ocrx_word' id='word_1_30' title='bbox 2040 960 2416 1041; x_wconf 63' lang='lat' dir='ltr'><strong>Honor-iam,</strong></span> <span class='ocrx_word' id='word_1_31' title='bbox 2463 964 2571 1047; x_wconf 92' lang='lat' dir='ltr'><strong>qui</strong></span> <span class='ocrx_word' id='word_1_32' title='bbox 2601 966 2759 1032; x_wconf 85' lang='lat' dir='ltr'><strong>obiit</strong></span> 
     </span>
     <span class='ocr_line' id='line_1_7' title="bbox 408 1061 2754 1146; baseline 0 -17"><span class='ocrx_word' id='word_1_33' title='bbox 408 1065 490 1129; x_wconf 89' lang='lat' dir='ltr'><strong>A.</strong></span> <span class='ocrx_word' id='word_1_34' title='bbox 534 1063 881 1130; x_wconf 85' lang='lat' dir='ltr'><strong>MDLVIII</strong></span> <span class='ocrx_word' id='word_1_35' title='bbox 897 1065 939 1140; x_wconf 84' lang='grc'><strong>1)</strong></span> <span class='ocrx_word' id='word_1_36' title='bbox 995 1061 1337 1126; x_wconf 77' lang='lat' dir='ltr'><strong>Iohannem</strong></span> <span class='ocrx_word' id='word_1_37' title='bbox 1379 1063 1778 1127; x_wconf 77' lang='lat' dir='ltr'><strong>Fridem‘cum</strong></span> <span class='ocrx_word' id='word_1_38' title='bbox 1819 1064 1898 1146; x_wconf 92' lang='lat' dir='ltr'><strong>I.,</strong></span> <span class='ocrx_word' id='word_1_39' title='bbox 1915 1067 1960 1141; x_wconf 86' lang='lat'><strong>²)</strong></span> <span class='ocrx_word' id='word_1_40' title='bbox 2016 1063 2313 1127; x_wconf 79' lang='lat' dir='ltr'><strong>Ioannem</strong></span> <span class='ocrx_word' id='word_1_41' title='bbox 2369 1065 2693 1146; x_wconf 74' lang='lat' dir='ltr'><strong>Valesium‚</strong></span> <span class='ocrx_word' id='word_1_42' title='bbox 2708 1067 2754 1145; x_wconf 80' lang='lat'><strong>³)</strong></span> 
     </span>
     <span class='ocr_line' id='line_1_8' title="bbox 414 1162 2754 1249; baseline 0.002 -20"><span class='ocrx_word' id='word_1_43' title='bbox 414 1164 854 1230; x_wconf 75' lang='lat' dir='ltr'><strong>Callimachum</strong></span> <span class='ocrx_word' id='word_1_44' title='bbox 897 1162 1239 1227; x_wconf 76' lang='lat' dir='ltr'><strong><em>Hectorem</em></strong></span> <span class='ocrx_word' id='word_1_45' title='bbox 1253 1184 1273 1224; x_wconf 89' lang='lat'><em>:</em></span> <span class='ocrx_word' id='word_1_46' title='bbox 1286 1166 1332 1242; x_wconf 79' lang='lat'><strong>⁴)</strong></span> <span class='ocrx_word' id='word_1_47' title='bbox 1380 1163 1783 1244; x_wconf 83' lang='lat' dir='ltr'><strong>(Callimachi</strong></span> <span class='ocrx_word' id='word_1_48' title='bbox 1813 1166 2064 1249; x_wconf 83' lang='lat' dir='ltr'><strong>Stigelii</strong></span> <span class='ocrx_word' id='word_1_49' title='bbox 2105 1166 2395 1232; x_wconf 78' lang='lat' dir='ltr'><strong>meminit</strong></span> <span class='ocrx_word' id='word_1_50' title='bbox 2437 1168 2631 1234; x_wconf 78' lang='lat' dir='ltr'><strong>etiam</strong></span> <span class='ocrx_word' id='word_1_51' title='bbox 2676 1168 2754 1234; x_wconf 84' lang='lat' dir='ltr'>G.</span> 
     </span>
     <span class='ocr_line' id='line_1_9' title="bbox 407 1266 2756 1352; baseline 0.001 -18"><span class='ocrx_word' id='word_1_52' title='bbox 407 1267 689 1334; x_wconf 87' lang='lat' dir='ltr'><strong>Sabinus</strong></span> <span class='ocrx_word' id='word_1_53' title='bbox 730 1268 798 1332; x_wconf 93' lang='lat' dir='ltr'><strong>in</strong></span> <span class='ocrx_word' id='word_1_54' title='bbox 824 1266 1407 1350; x_wconf 86' lang='lat' dir='ltr'><strong>Hendecasyllabis</strong></span> <span class='ocrx_word' id='word_1_55' title='bbox 1450 1266 1537 1331; x_wconf 92' lang='lat' dir='ltr'><strong>ad</strong></span> <span class='ocrx_word' id='word_1_56' title='bbox 1566 1268 1903 1351; x_wconf 84' lang='lat' dir='ltr'><strong>Stigelium</strong></span> <span class='ocrx_word' id='word_1_57' title='bbox 1945 1269 2157 1334; x_wconf 90' lang='lat' dir='ltr'><strong>missis</strong></span> <span class='ocrx_word' id='word_1_58' title='bbox 2199 1289 2263 1352; x_wconf 89' lang='lat' dir='ltr'><strong>p.</strong></span> <span class='ocrx_word' id='word_1_59' title='bbox 2295 1271 2438 1334; x_wconf 84' lang='lat'>335.</span> <span class='ocrx_word' id='word_1_60' title='bbox 2483 1289 2756 1352; x_wconf 90' lang='lat' dir='ltr'><strong>eumque</strong></span> 
     </span>
     <span class='ocr_line' id='line_1_10' title="bbox 403 1368 2755 1453; baseline -0 -17"><span class='ocrx_word' id='word_1_61' title='bbox 403 1370 485 1436; x_wconf 89' lang='lat' dir='ltr'><strong>A.</strong></span> <span class='ocrx_word' id='word_1_62' title='bbox 544 1370 734 1436; x_wconf 88' lang='lat' dir='ltr'><strong>Beier</strong></span> <span class='ocrx_word' id='word_1_63' title='bbox 786 1368 1054 1434; x_wconf 83' lang='lat' dir='ltr'><strong>tradidit</strong></span> <span class='ocrx_word' id='word_1_64' title='bbox 1109 1370 1179 1434; x_wconf 92' lang='lat' dir='ltr'><strong>in</strong></span> <span class='ocrx_word' id='word_1_65' title='bbox 1232 1369 1703 1435; x_wconf 84' lang='lat' dir='ltr'><strong>matrimonium</strong></span> <span class='ocrx_word' id='word_1_66' title='bbox 1762 1369 2023 1436; x_wconf 84' lang='lat' dir='ltr'><strong>duxisse</strong></span> <span class='ocrx_word' id='word_1_67' title='bbox 2073 1370 2377 1453; x_wconf 72' lang='lat' dir='ltr'><strong>Aque-tem</strong></span> <span class='ocrx_word' id='word_1_68' title='bbox 2448 1391 2566 1435; x_wconf 83' lang='lat' dir='ltr'><strong>von</strong></span> <span class='ocrx_word' id='word_1_69' title='bbox 2639 1372 2755 1435; x_wconf 83' lang='lat' dir='ltr'><strong>der</strong></span> 
     </span>
     <span class='ocr_line' id='line_1_11' title="bbox 402 1469 2756 1554; baseline 0.002 -20"><span class='ocrx_word' id='word_1_70' title='bbox 402 1471 734 1543; x_wconf 75' lang='lat' dir='ltr'><strong>Marthen,</strong></span> <span class='ocrx_word' id='word_1_71' title='bbox 781 1469 980 1536; x_wconf 87' lang='lat' dir='ltr'><strong>filiam</strong></span> <span class='ocrx_word' id='word_1_72' title='bbox 1021 1471 1282 1536; x_wconf 88' lang='lat' dir='ltr'><strong>Martini</strong></span> <span class='ocrx_word' id='word_1_73' title='bbox 1323 1491 1451 1537; x_wconf 88' lang='lat' dir='ltr'><strong>von</strong></span> <span class='ocrx_word' id='word_1_74' title='bbox 1497 1471 1611 1536; x_wconf 90' lang='lat' dir='ltr'><strong>der</strong></span> <span class='ocrx_word' id='word_1_75' title='bbox 1652 1471 1949 1538; x_wconf 88' lang='lat' dir='ltr'><strong>Marthen</strong></span> <span class='ocrx_word' id='word_1_76' title='bbox 1962 1520 1978 1554; x_wconf 94' lang='lat'><strong>,</strong></span> <span class='ocrx_word' id='word_1_77' title='bbox 2035 1471 2408 1538; x_wconf 88' lang='lat' dir='ltr'><strong>hereditarii</strong></span> <span class='ocrx_word' id='word_1_78' title='bbox 2447 1473 2517 1537; x_wconf 91' lang='lat' dir='ltr'><strong>in</strong></span> <span class='ocrx_word' id='word_1_79' title='bbox 2561 1471 2756 1540; x_wconf 89' lang='lat' dir='ltr'><strong>Ober-</strong></span> 
     </span>
     <span class='ocr_line' id='line_1_12' title="bbox 400 1571 2752 1655; baseline 0 -17"><span class='ocrx_word' id='word_1_80' title='bbox 400 1574 641 1655; x_wconf 86' lang='lat' dir='ltr'><strong>rossla,</strong></span> <span class='ocrx_word' id='word_1_81' title='bbox 689 1579 753 1638; x_wconf 85' lang='lat' dir='ltr'><strong>et</strong></span> <span class='ocrx_word' id='word_1_82' title='bbox 794 1574 1025 1638; x_wconf 85' lang='lat' dir='ltr'><strong>Annae</strong></span> <span class='ocrx_word' id='word_1_83' title='bbox 1070 1593 1113 1637; x_wconf 87' lang='lat' dir='ltr'><strong>a</strong></span> <span class='ocrx_word' id='word_1_84' title='bbox 1154 1571 1491 1650; x_wconf 81' lang='lat' dir='ltr'><strong>Gleichen)</strong></span> <span class='ocrx_word' id='word_1_85' title='bbox 1508 1621 1524 1654; x_wconf 94' lang='lat'><strong>,</strong></span> <span class='ocrx_word' id='word_1_86' title='bbox 1576 1573 1913 1636; x_wconf 77' lang='lat' dir='ltr'><strong>Nicolaum</strong></span> <span class='ocrx_word' id='word_1_87' title='bbox 1969 1574 2277 1637; x_wconf 80' lang='lat' dir='ltr'><strong>Victorem</strong></span> <span class='ocrx_word' id='word_1_88' title='bbox 2295 1575 2358 1653; x_wconf 83' lang='lat'><strong>,⁵)</strong></span> <span class='ocrx_word' id='word_1_89' title='bbox 2413 1573 2752 1638; x_wconf 75' lang='lat' dir='ltr'><strong>Iohannem</strong></span> 
     </span>
    </p>
   </div>
   <div class='ocr_carea' id='block_1_3' title="bbox 402 1673 2651 1766">
    <p class='ocr_par' dir='ltr' id='par_1_3' title="bbox 402 1673 2651 1766">
     <span class='ocr_line' id='line_1_13' title="bbox 402 1673 2651 1766; baseline 0.003 -29"><span class='ocrx_word' id='word_1_90' title='bbox 402 1673 800 1738; x_wconf 61' lang='lat' dir='ltr'><strong>Fm‘daem&#39;cum</strong></span> <span class='ocrx_word' id='word_1_91' title='bbox 843 1673 935 1746; x_wconf 94' lang='grc' dir='ltr'><strong>ΙΙ,</strong></span> <span class='ocrx_word' id='word_1_92' title='bbox 981 1681 1204 1740; x_wconf 86' lang='lat' dir='ltr'><strong>natum</strong></span> <span class='ocrx_word' id='word_1_93' title='bbox 1244 1674 1324 1740; x_wconf 89' lang='lat' dir='ltr'><strong>A.</strong></span> <span class='ocrx_word' id='word_1_94' title='bbox 1369 1676 1637 1766; x_wconf 85' lang='lat' dir='ltr'><strong>MDLX,</strong></span> <span class='ocrx_word' id='word_1_95' title='bbox 1689 1673 2109 1754; x_wconf 65' lang='lat' dir='ltr'><strong>Gathar-inam,</strong></span> <span class='ocrx_word' id='word_1_96' title='bbox 2123 1675 2168 1753; x_wconf 74' lang='grc' dir='ltr'><strong>ο)</strong></span> <span class='ocrx_word' id='word_1_97' title='bbox 2211 1675 2591 1743; x_wconf 76' lang='lat' dir='ltr'><strong>Bar-baram.</strong></span> <span class='ocrx_word' id='word_1_98' title='bbox 2605 1678 2651 1754; x_wconf 89' lang='lat'><strong>⁷)</strong></span> 
     </span>
    </p>
   </div>
   <div class='ocr_carea' id='block_1_4' title="bbox 544 1877 2586 1975">
    <p class='ocr_par' dir='ltr' id='par_1_4' title="bbox 544 1877 2586 1975">
     <span class='ocr_line' id='line_1_14' title="bbox 544 1877 2586 1975; baseline -0 -20"><span class='ocrx_word' id='word_1_99' title='bbox 544 1879 752 1955; x_wconf 87' lang='lat' dir='ltr'>VIII.</span> <span class='ocrx_word' id='word_1_100' title='bbox 857 1877 974 1952; x_wconf 90' lang='lat' dir='ltr'><strong>De</strong></span> <span class='ocrx_word' id='word_1_101' title='bbox 1025 1879 1343 1955; x_wconf 90' lang='lat' dir='ltr'><strong>moribus</strong></span> <span class='ocrx_word' id='word_1_102' title='bbox 1393 1881 1499 1956; x_wconf 91' lang='lat' dir='ltr'><strong>Io.</strong></span> <span class='ocrx_word' id='word_1_103' title='bbox 1557 1879 1841 1975; x_wconf 85' lang='lat' dir='ltr'><strong>Stigelii</strong></span> <span class='ocrx_word' id='word_1_104' title='bbox 1893 1879 2190 1975; x_wconf 88' lang='lat' dir='ltr'><strong>eiusque</strong></span> <span class='ocrx_word' id='word_1_105' title='bbox 2242 1880 2586 1956; x_wconf 88' lang='lat' dir='ltr'><strong>doctrina.</strong></span> 
     </span>
    </p>
   </div>
   <div class='ocr_carea' id='block_1_5' title="bbox 389 2048 2747 3050">
    <p class='ocr_par' dir='ltr' id='par_1_5' title="bbox 389 2048 2747 3050">
     <span class='ocr_line' id='line_1_15' title="bbox 570 2048 2747 2135; baseline 0.001 -20"><span class='ocrx_word' id='word_1_106' title='bbox 570 2050 721 2115; x_wconf 87' lang='lat' dir='ltr'><strong>Vita</strong></span> <span class='ocrx_word' id='word_1_107' title='bbox 765 2069 929 2132; x_wconf 88' lang='lat' dir='ltr'><strong>quae</strong></span> <span class='ocrx_word' id='word_1_108' title='bbox 973 2049 1161 2114; x_wconf 83' lang='lat' dir='ltr'><strong>fuerit</strong></span> <span class='ocrx_word' id='word_1_109' title='bbox 1205 2048 1483 2131; x_wconf 84' lang='lat' dir='ltr'><strong>Stigelii,</strong></span> <span class='ocrx_word' id='word_1_110' title='bbox 1540 2051 1839 2135; x_wconf 81' lang='lat' dir='ltr'><strong>exposui3</strong></span> <span class='ocrx_word' id='word_1_111' title='bbox 1902 2049 2242 2116; x_wconf 91' lang='lat' dir='ltr'><strong>dicendum</strong></span> <span class='ocrx_word' id='word_1_112' title='bbox 2286 2056 2383 2115; x_wconf 89' lang='lat' dir='ltr'><strong>est</strong></span> <span class='ocrx_word' id='word_1_113' title='bbox 2426 2050 2620 2116; x_wconf 90' lang='lat' dir='ltr'><strong>etiam</strong></span> <span class='ocrx_word' id='word_1_114' title='bbox 2664 2050 2747 2118; x_wconf 89' lang='lat' dir='ltr'><strong>de</strong></span> 
     </span>
     <span class='ocr_line' id='line_1_16' title="bbox 398 2141 2747 2234; baseline -0.001 -14"><span class='ocrx_word' id='word_1_115' title='bbox 398 2154 537 2220; x_wconf 88' lang='lat' dir='ltr'><strong>eius</strong></span> <span class='ocrx_word' id='word_1_116' title='bbox 578 2152 861 2217; x_wconf 89' lang='lat' dir='ltr'><strong>moribus</strong></span> <span class='ocrx_word' id='word_1_117' title='bbox 903 2158 1098 2233; x_wconf 87' lang='lat' dir='ltr'><strong>atque</strong></span> <span class='ocrx_word' id='word_1_118' title='bbox 1142 2141 1452 2215; x_wconf 77' lang='lat' dir='ltr'><strong>doctrina.</strong></span> <span class='ocrx_word' id='word_1_119' title='bbox 1538 2152 1633 2216; x_wconf 85' lang='lat' dir='ltr'><strong>Ac</strong></span> <span class='ocrx_word' id='word_1_120' title='bbox 1674 2172 1918 2216; x_wconf 90' lang='lat' dir='ltr'><strong>morum</strong></span> <span class='ocrx_word' id='word_1_121' title='bbox 1977 2152 2234 2234; x_wconf 91' lang='lat' dir='ltr'><strong>quidem</strong></span> <span class='ocrx_word' id='word_1_122' title='bbox 2288 2152 2627 2218; x_wconf 86' lang='lat' dir='ltr'><strong>sanctitate</strong></span> <span class='ocrx_word' id='word_1_123' title='bbox 2683 2159 2747 2217; x_wconf 88' lang='lat' dir='ltr'><strong>et</strong></span> 
     </span>
     <span class='ocr_line' id='line_1_17' title="bbox 396 2253 2746 2339; baseline -0.001 -18"><span class='ocrx_word' id='word_1_124' title='bbox 396 2255 806 2339; x_wconf 87' lang='lat' dir='ltr'><strong>simplicitate</strong></span> <span class='ocrx_word' id='word_1_125' title='bbox 849 2253 1051 2327; x_wconf 76' lang='lat' dir='ltr'><strong>valde¹</strong></span> <span class='ocrx_word' id='word_1_126' title='bbox 1089 2253 1467 2336; x_wconf 88' lang='lat' dir='ltr'><strong>conspicuus</strong></span> <span class='ocrx_word' id='word_1_127' title='bbox 1510 2259 1665 2334; x_wconf 87' lang='lat' dir='ltr'><strong>erat,</strong></span> <span class='ocrx_word' id='word_1_128' title='bbox 1721 2254 2038 2335; x_wconf 85' lang='lat' dir='ltr'><strong>ingenuus</strong></span> <span class='ocrx_word' id='word_1_129' title='bbox 2082 2254 2340 2318; x_wconf 91' lang='lat' dir='ltr'><strong>omnino</strong></span> <span class='ocrx_word' id='word_1_130' title='bbox 2381 2253 2592 2336; x_wconf 89' lang='lat' dir='ltr'><strong>homo,</strong></span> <span class='ocrx_word' id='word_1_131' title='bbox 2638 2255 2746 2337; x_wconf 90' lang='lat' dir='ltr'><strong>qui</strong></span> 
     </span>
     <span class='ocr_line' id='line_1_18' title="bbox 396 2354 2743 2439; baseline -0 -17"><span class='ocrx_word' id='word_1_132' title='bbox 396 2377 518 2424; x_wconf 86' lang='lat' dir='ltr'><strong>nec</strong></span> <span class='ocrx_word' id='word_1_133' title='bbox 571 2357 785 2423; x_wconf 84' lang='lat' dir='ltr'><strong>verbis</strong></span> <span class='ocrx_word' id='word_1_134' title='bbox 840 2374 960 2420; x_wconf 91' lang='lat' dir='ltr'><strong>nec</strong></span> <span class='ocrx_word' id='word_1_135' title='bbox 1014 2354 1223 2420; x_wconf 83' lang='lat' dir='ltr'><strong>fronte</strong></span> <span class='ocrx_word' id='word_1_136' title='bbox 1295 2355 1643 2420; x_wconf 78' lang='lat' dir='ltr'><strong>occultaret</strong></span> <span class='ocrx_word' id='word_1_137' title='bbox 1709 2354 2112 2420; x_wconf 87' lang='lat' dir='ltr'><strong>sententiam.</strong></span> <span class='ocrx_word' id='word_1_138' title='bbox 2210 2356 2295 2420; x_wconf 90' lang='lat' dir='ltr'><strong>Et</strong></span> <span class='ocrx_word' id='word_1_139' title='bbox 2349 2375 2391 2419; x_wconf 89' lang='lat' dir='ltr'><strong>a</strong></span> <span class='ocrx_word' id='word_1_140' title='bbox 2446 2355 2743 2439; x_wconf 84' lang='lat' dir='ltr'><strong>Strigelio</strong></span> 
     </span>
     <span class='ocr_line' id='line_1_19' title="bbox 396 2455 2747 2541; baseline -0.001 -16"><span class='ocrx_word' id='word_1_141' title='bbox 396 2459 657 2541; x_wconf 88' lang='lat' dir='ltr'><strong>dicitur,</strong></span> <span class='ocrx_word' id='word_1_142' title='bbox 715 2458 911 2522; x_wconf 87' lang='lat' dir='ltr'><strong>fuisse</strong></span> <span class='ocrx_word' id='word_1_143' title='bbox 955 2476 1100 2522; x_wconf 90' lang='lat' dir='ltr'><strong>eum</strong></span> <span class='ocrx_word' id='word_1_144' title='bbox 1143 2457 1364 2540; x_wconf 88' lang='lat' dir='ltr'><strong>paullo</strong></span> <span class='ocrx_word' id='word_1_145' title='bbox 1405 2456 1769 2522; x_wconf 83' lang='lat' dir='ltr'><strong>fervidioris</strong></span> <span class='ocrx_word' id='word_1_146' title='bbox 1812 2456 2011 2521; x_wconf 88' lang='lat' dir='ltr'><strong>animi</strong></span> <span class='ocrx_word' id='word_1_147' title='bbox 2027 2456 2093 2538; x_wconf 81' lang='lat'><strong>,⁸)</strong></span> <span class='ocrx_word' id='word_1_148' title='bbox 2140 2455 2311 2539; x_wconf 91' lang='lat' dir='ltr'><strong>quod</strong></span> <span class='ocrx_word' id='word_1_149' title='bbox 2355 2456 2606 2540; x_wconf 83' lang='lat' dir='ltr'><strong>signum</strong></span> <span class='ocrx_word' id='word_1_150' title='bbox 2649 2464 2747 2524; x_wconf 91' lang='lat' dir='ltr'><strong>est</strong></span> 
     </span>
     <span class='ocr_line' id='line_1_20' title="bbox 394 2557 2743 2644; baseline -0 -17"><span class='ocrx_word' id='word_1_151' title='bbox 394 2560 712 2628; x_wconf 88' lang='lat' dir='ltr'><strong>candoris.</strong></span> <span class='ocrx_word' id='word_1_152' title='bbox 779 2557 987 2639; x_wconf 79' lang='lat' dir='ltr'><strong>Quum</strong></span> <span class='ocrx_word' id='word_1_153' title='bbox 1030 2579 1426 2644; x_wconf 87' lang='lat' dir='ltr'><strong>„pauperum</strong></span> <span class='ocrx_word' id='word_1_154' title='bbox 1470 2559 1733 2641; x_wconf 84' lang='lat' dir='ltr'><strong>sanguis</strong></span> <span class='ocrx_word' id='word_1_155' title='bbox 1776 2557 2156 2642; x_wconf 85' lang='lat' dir='ltr'><strong>parentum“</strong></span> <span class='ocrx_word' id='word_1_156' title='bbox 2201 2563 2386 2642; x_wconf 88' lang='lat' dir='ltr'><strong>esset,</strong></span> <span class='ocrx_word' id='word_1_157' title='bbox 2432 2564 2502 2624; x_wconf 90' lang='lat' dir='ltr'><strong>ut</strong></span> <span class='ocrx_word' id='word_1_158' title='bbox 2543 2559 2743 2626; x_wconf 89' lang='lat' dir='ltr'><strong>Hora-</strong></span> 
     </span>
     <span class='ocr_line' id='line_1_21' title="bbox 391 2660 2742 2746; baseline -0.001 -17"><span class='ocrx_word' id='word_1_159' title='bbox 391 2665 537 2746; x_wconf 83' lang='lat' dir='ltr'><strong>tius,</strong></span> <span class='ocrx_word' id='word_1_160' title='bbox 581 2663 832 2728; x_wconf 91' lang='lat' dir='ltr'><strong>modice</strong></span> <span class='ocrx_word' id='word_1_161' title='bbox 875 2662 1067 2728; x_wconf 88' lang='lat' dir='ltr'><strong>etiam</strong></span> <span class='ocrx_word' id='word_1_162' title='bbox 1109 2661 1289 2743; x_wconf 84' lang='lat' dir='ltr'><strong>vixit,</strong></span> <span class='ocrx_word' id='word_1_163' title='bbox 1340 2660 1504 2726; x_wconf 90' lang='lat' dir='ltr'><strong>adeo</strong></span> <span class='ocrx_word' id='word_1_164' title='bbox 1548 2667 1617 2725; x_wconf 90' lang='lat' dir='ltr'><strong>ut</strong></span> <span class='ocrx_word' id='word_1_165' title='bbox 1659 2661 1811 2725; x_wconf 88' lang='lat' dir='ltr'><strong>vino</strong></span> <span class='ocrx_word' id='word_1_166' title='bbox 1852 2661 2166 2727; x_wconf 86' lang='lat' dir='ltr'><strong>Rhenano</strong></span> <span class='ocrx_word' id='word_1_167' title='bbox 2210 2662 2429 2726; x_wconf 86' lang='lat' dir='ltr'><strong>vinum</strong></span> <span class='ocrx_word' id='word_1_168' title='bbox 2472 2662 2742 2727; x_wconf 88' lang='lat' dir='ltr'><strong>Thurin-</strong></span> 
     </span>
     <span class='ocr_line' id='line_1_22' title="bbox 389 2762 2739 2848; baseline -0.001 -18"><span class='ocrx_word' id='word_1_169' title='bbox 389 2766 602 2848; x_wconf 85' lang='lat' dir='ltr'><strong>gicum</strong></span> <span class='ocrx_word' id='word_1_170' title='bbox 643 2771 837 2847; x_wconf 87' lang='lat' dir='ltr'><strong>atque</strong></span> <span class='ocrx_word' id='word_1_171' title='bbox 876 2763 1168 2847; x_wconf 90' lang='lat' dir='ltr'><strong>inprimis</strong></span> <span class='ocrx_word' id='word_1_172' title='bbox 1209 2763 1483 2828; x_wconf 90' lang='lat' dir='ltr'><strong>Ienense</strong></span> <span class='ocrx_word' id='word_1_173' title='bbox 1525 2763 1877 2845; x_wconf 85' lang='lat' dir='ltr'><strong>praeferret</strong></span> <span class='ocrx_word' id='word_1_174' title='bbox 1917 2762 2420 2829; x_wconf 76' lang='lat' dir='ltr'><strong>modestissimus</strong></span> <span class='ocrx_word' id='word_1_175' title='bbox 2471 2764 2739 2841; x_wconf 83' lang='lat' dir='ltr'><strong>homo.&#39;)</strong></span> 
     </span>
     <span class='ocr_line' id='line_1_23' title="bbox 392 2864 2736 2949; baseline -0.002 -16"><span class='ocrx_word' id='word_1_176' title='bbox 392 2865 682 2933; x_wconf 86' lang='lat' dir='ltr'><strong>Subinde</strong></span> <span class='ocrx_word' id='word_1_177' title='bbox 735 2866 876 2949; x_wconf 91' lang='lat' dir='ltr'><strong>ipse</strong></span> <span class='ocrx_word' id='word_1_178' title='bbox 929 2885 1110 2931; x_wconf 87' lang='lat' dir='ltr'><strong>suam</strong></span> <span class='ocrx_word' id='word_1_179' title='bbox 1175 2870 1620 2948; x_wconf 84' lang='lat' dir='ltr'><strong>paupertatem</strong></span> <span class='ocrx_word' id='word_1_180' title='bbox 1636 2913 1652 2946; x_wconf 92' lang='lat'><strong>,</strong></span> <span class='ocrx_word' id='word_1_181' title='bbox 1726 2864 2071 2929; x_wconf 90' lang='lat' dir='ltr'><strong>liberorum</strong></span> <span class='ocrx_word' id='word_1_182' title='bbox 2137 2883 2400 2929; x_wconf 87' lang='lat' dir='ltr'><strong>numero</strong></span> <span class='ocrx_word' id='word_1_183' title='bbox 2463 2872 2736 2948; x_wconf 86' lang='lat' dir='ltr'><strong>auctam,</strong></span> 
     </span>
     <span class='ocr_line' id='line_1_24' title="bbox 391 2965 2735 3050; baseline -0.001 -16"><span class='ocrx_word' id='word_1_184' title='bbox 391 2968 912 3034; x_wconf 83' lang='lat' dir='ltr'><strong>commemoravit</strong></span> <span class='ocrx_word' id='word_1_185' title='bbox 952 2973 1022 3032; x_wconf 89' lang='lat' dir='ltr'><strong>ut</strong></span> <span class='ocrx_word' id='word_1_186' title='bbox 1063 2967 1133 3030; x_wconf 92' lang='lat' dir='ltr'><strong>in</strong></span> <span class='ocrx_word' id='word_1_187' title='bbox 1176 2968 1376 3050; x_wconf 84' lang='lat' dir='ltr'><strong>elegis</strong></span> <span class='ocrx_word' id='word_1_188' title='bbox 1419 2966 1521 3038; x_wconf 91' lang='lat' dir='ltr'><strong>his</strong></span> <span class='ocrx_word' id='word_1_189' title='bbox 1564 2965 1651 3030; x_wconf 90' lang='lat' dir='ltr'><strong>ad</strong></span> <span class='ocrx_word' id='word_1_190' title='bbox 1694 2965 1917 3030; x_wconf 88' lang='lat' dir='ltr'><strong>Vdalr.</strong></span> <span class='ocrx_word' id='word_1_191' title='bbox 1962 2966 2334 3032; x_wconf 89' lang='lat' dir='ltr'><strong>Mordisium</strong></span> <span class='ocrx_word' id='word_1_192' title='bbox 2348 2966 2413 3043; x_wconf 88' lang='lat'><strong>¹⁰)</strong></span> <span class='ocrx_word' id='word_1_193' title='bbox 2461 2966 2628 3033; x_wconf 89' lang='lat' dir='ltr'><strong>datis</strong></span> <span class='ocrx_word' id='word_1_194' title='bbox 2657 2967 2735 3032; x_wconf 91' lang='lat' dir='ltr'><strong>A.</strong></span> 
     </span>
    </p>
   </div>
   <div class='ocr_carea' id='block_1_6' title="bbox 390 3070 708 3136">
    <p class='ocr_par' dir='ltr' id='par_1_6' title="bbox 390 3070 708 3136">
     <span class='ocr_line' id='line_1_25' title="bbox 390 3070 708 3136; baseline -0.009 1"><span class='ocrx_word' id='word_1_195' title='bbox 390 3070 676 3136; x_wconf 87' lang='lat' dir='ltr'>MDLXI</span> <span class='ocrx_word' id='word_1_196' title='bbox 693 3093 708 3134; x_wconf 75' lang='grc' dir='ltr'><strong><em>ε</em></strong></span> 
     </span>
    </p>
   </div>
   <div class='ocr_carea' id='block_1_7' title="bbox 642 3180 2493 3521">
    <p class='ocr_par' dir='ltr' id='par_1_7' title="bbox 642 3180 2493 3521">
     <span class='ocr_line' id='line_1_26' title="bbox 642 3180 2070 3263; baseline -0.001 -14"><span class='ocrx_word' id='word_1_197' title='bbox 642 3189 745 3250; x_wconf 90' lang='lat' dir='ltr'><strong>Bis</strong></span> <span class='ocrx_word' id='word_1_198' title='bbox 788 3190 970 3249; x_wconf 89' lang='lat' dir='ltr'><strong>denos</strong></span> <span class='ocrx_word' id='word_1_199' title='bbox 1013 3188 1195 3262; x_wconf 86' lang='lat' dir='ltr'><strong>doceo</strong></span> <span class='ocrx_word' id='word_1_200' title='bbox 1238 3180 1522 3244; x_wconf 80' lang='lat' dir='ltr'><strong>iuvenilia</strong></span> <span class='ocrx_word' id='word_1_201' title='bbox 1566 3187 1841 3263; x_wconf 91' lang='lat' dir='ltr'><strong>publicus</strong></span> <span class='ocrx_word' id='word_1_202' title='bbox 1886 3206 2070 3247; x_wconf 88' lang='lat' dir='ltr'><strong>annos</strong></span> 
     </span>
     <span class='ocr_line' id='line_1_27' title="bbox 797 3266 2357 3350; baseline -0.001 -17"><span class='ocrx_word' id='word_1_203' title='bbox 797 3275 1050 3334; x_wconf 86' lang='lat' dir='ltr'><strong>Pectora</strong></span> <span class='ocrx_word' id='word_1_204' title='bbox 1093 3278 1152 3333; x_wconf 88' lang='lat' dir='ltr'><strong>et</strong></span> <span class='ocrx_word' id='word_1_205' title='bbox 1193 3273 1330 3332; x_wconf 86' lang='lat' dir='ltr'><strong>hinc</strong></span> <span class='ocrx_word' id='word_1_206' title='bbox 1374 3266 1570 3331; x_wconf 85' lang='lat' dir='ltr'><strong>nullas</strong></span> <span class='ocrx_word' id='word_1_207' title='bbox 1614 3273 1802 3331; x_wconf 92' lang='lat' dir='ltr'><strong>condo</strong></span> <span class='ocrx_word' id='word_1_208' title='bbox 1846 3271 2150 3348; x_wconf 87' lang='lat' dir='ltr'><strong>professor</strong></span> <span class='ocrx_word' id='word_1_209' title='bbox 2193 3290 2357 3350; x_wconf 73' lang='lat' dir='ltr'><strong>opcS,</strong></span> 
     </span>
     <span class='ocr_line' id='line_1_28' title="bbox 644 3356 2493 3437; baseline -0.001 -19"><span class='ocrx_word' id='word_1_210' title='bbox 644 3358 835 3436; x_wconf 87' lang='lat' dir='ltr'><strong>Adde,</strong></span> <span class='ocrx_word' id='word_1_211' title='bbox 881 3359 1040 3435; x_wconf 91' lang='lat' dir='ltr'><strong>quod</strong></span> <span class='ocrx_word' id='word_1_212' title='bbox 1085 3359 1364 3434; x_wconf 85' lang='lat' dir='ltr'><strong>exiguum</strong></span> <span class='ocrx_word' id='word_1_213' title='bbox 1390 3359 1517 3434; x_wconf 84' lang='lat' dir='ltr'><strong>est,</strong></span> <span class='ocrx_word' id='word_1_214' title='bbox 1563 3356 1721 3433; x_wconf 90' lang='lat' dir='ltr'><strong>quod</strong></span> <span class='ocrx_word' id='word_1_215' title='bbox 1765 3357 1960 3433; x_wconf 85' lang='lat' dir='ltr'><strong>gratia</strong></span> <span class='ocrx_word' id='word_1_216' title='bbox 2003 3358 2238 3435; x_wconf 89' lang='lat' dir='ltr'><strong>plumea</strong></span> <span class='ocrx_word' id='word_1_217' title='bbox 2282 3358 2493 3437; x_wconf 87' lang='lat' dir='ltr'><strong>reddit,</strong></span> 
     </span>
     <span class='ocr_line' id='line_1_29' title="bbox 797 3436 2081 3521; baseline -0.001 -18"><span class='ocrx_word' id='word_1_218' title='bbox 797 3444 874 3503; x_wconf 88' lang='lat' dir='ltr'><strong>Et</strong></span> <span class='ocrx_word' id='word_1_219' title='bbox 918 3443 1044 3504; x_wconf 90' lang='lat' dir='ltr'><strong>sine</strong></span> <span class='ocrx_word' id='word_1_220' title='bbox 1088 3463 1243 3521; x_wconf 90' lang='lat' dir='ltr'><strong>pane</strong></span> <span class='ocrx_word' id='word_1_221' title='bbox 1291 3436 1430 3495; x_wconf 89' lang='lat' dir='ltr'><strong>mihi</strong></span> <span class='ocrx_word' id='word_1_222' title='bbox 1474 3441 1697 3500; x_wconf 89' lang='lat' dir='ltr'><strong>luditur</strong></span> <span class='ocrx_word' id='word_1_223' title='bbox 1739 3441 1849 3501; x_wconf 90' lang='lat' dir='ltr'><strong>iste</strong></span> <span class='ocrx_word' id='word_1_224' title='bbox 1895 3443 2081 3502; x_wconf 86' lang='lat' dir='ltr'><strong>labor.</strong></span> 
     </span>
    </p>
   </div>
   <div class='ocr_carea' id='block_1_8' title="bbox 380 3709 2731 4452">
    <p class='ocr_par' dir='ltr' id='par_1_8' title="bbox 380 3709 2731 4452">
     <span class='ocr_line' id='line_1_30' title="bbox 522 3709 2731 3775; baseline 0.001 -16"><span class='ocrx_word' id='word_1_225' title='bbox 522 3709 557 3775; x_wconf 91' lang='lat'><strong>¹)</strong></span> <span class='ocrx_word' id='word_1_226' title='bbox 593 3710 648 3760; x_wconf 92' lang='lat' dir='ltr'><strong>T.</strong></span> <span class='ocrx_word' id='word_1_227' title='bbox 686 3711 728 3760; x_wconf 93' lang='lat' dir='ltr'>I.</span> <span class='ocrx_word' id='word_1_228' title='bbox 766 3710 801 3763; x_wconf 88' lang='lat' dir='ltr'>f.</span> <span class='ocrx_word' id='word_1_229' title='bbox 838 3712 952 3763; x_wconf 87' lang='grc'><strong>221.</strong></span> <span class='ocrx_word' id='word_1_230' title='bbox 1091 3710 1128 3772; x_wconf 81' lang='lat'><strong>²)</strong></span> <span class='ocrx_word' id='word_1_231' title='bbox 1166 3710 1423 3759; x_wconf 87' lang='lat' dir='ltr'><strong>Mortuum</strong></span> <span class='ocrx_word' id='word_1_232' title='bbox 1471 3709 1737 3760; x_wconf 82' lang='lat' dir='ltr'>MDLVII.</span> <span class='ocrx_word' id='word_1_233' title='bbox 1788 3710 1844 3759; x_wconf 88' lang='grc' dir='ltr'><strong>Τ.</strong></span> <span class='ocrx_word' id='word_1_234' title='bbox 1881 3711 1924 3759; x_wconf 91' lang='lat'>1.</span> <span class='ocrx_word' id='word_1_235' title='bbox 1960 3710 1995 3763; x_wconf 82' lang='lat' dir='ltr'>f.</span> <span class='ocrx_word' id='word_1_236' title='bbox 2036 3712 2148 3762; x_wconf 83' lang='lat'>224.</span> <span class='ocrx_word' id='word_1_237' title='bbox 2286 3709 2324 3772; x_wconf 82' lang='lat'><strong>⁸)</strong></span> <span class='ocrx_word' id='word_1_238' title='bbox 2363 3710 2420 3759; x_wconf 89' lang='grc' dir='ltr'><strong>Τ.</strong></span> <span class='ocrx_word' id='word_1_239' title='bbox 2457 3711 2499 3760; x_wconf 95' lang='grc' dir='ltr'><strong>Ι.</strong></span> <span class='ocrx_word' id='word_1_240' title='bbox 2540 3710 2574 3761; x_wconf 82' lang='lat' dir='ltr'>f.</span> <span class='ocrx_word' id='word_1_241' title='bbox 2614 3713 2731 3765; x_wconf 86' lang='grc'><strong>373.</strong></span> 
     </span>
     <span class='ocr_line' id='line_1_31' title="bbox 387 3794 2728 3861; baseline 0.001 -16"><span class='ocrx_word' id='word_1_242' title='bbox 387 3795 430 3852; x_wconf 80' lang='lat'><strong>⁴)</strong></span> <span class='ocrx_word' id='word_1_243' title='bbox 466 3795 524 3847; x_wconf 92' lang='lat' dir='ltr'><strong>T.</strong></span> <span class='ocrx_word' id='word_1_244' title='bbox 561 3796 605 3847; x_wconf 95' lang='lat' dir='ltr'>I.</span> <span class='ocrx_word' id='word_1_245' title='bbox 645 3794 681 3845; x_wconf 80' lang='lat' dir='ltr'>f.</span> <span class='ocrx_word' id='word_1_246' title='bbox 719 3796 833 3847; x_wconf 83' lang='lat'>375.</span> <span class='ocrx_word' id='word_1_247' title='bbox 971 3795 1010 3859; x_wconf 83' lang='lat'><strong>⁵)</strong></span> <span class='ocrx_word' id='word_1_248' title='bbox 1048 3794 1106 3847; x_wconf 91' lang='lat' dir='ltr'>T.</span> <span class='ocrx_word' id='word_1_249' title='bbox 1142 3795 1238 3843; x_wconf 90' lang='lat'>111.</span> <span class='ocrx_word' id='word_1_250' title='bbox 1275 3794 1310 3845; x_wconf 78' lang='lat' dir='ltr'>f.</span> <span class='ocrx_word' id='word_1_251' title='bbox 1355 3796 1462 3845; x_wconf 87' lang='grc'><strong>114.</strong></span> <span class='ocrx_word' id='word_1_252' title='bbox 1602 3795 1641 3854; x_wconf 77' lang='lat'><strong>⁶)</strong></span> <span class='ocrx_word' id='word_1_253' title='bbox 1677 3794 1733 3844; x_wconf 89' lang='lat' dir='ltr'><strong>T.</strong></span> <span class='ocrx_word' id='word_1_254' title='bbox 1773 3796 1869 3845; x_wconf 95' lang='lat' dir='ltr'>III.</span> <span class='ocrx_word' id='word_1_255' title='bbox 1906 3795 1940 3845; x_wconf 79' lang='lat' dir='ltr'>f.</span> <span class='ocrx_word' id='word_1_256' title='bbox 1985 3797 2093 3846; x_wconf 86' lang='lat'>115.</span> <span class='ocrx_word' id='word_1_257' title='bbox 2232 3794 2267 3857; x_wconf 89' lang='lat'><strong>⁷)</strong></span> <span class='ocrx_word' id='word_1_258' title='bbox 2306 3794 2361 3843; x_wconf 92' lang='lat' dir='ltr'>T.</span> <span class='ocrx_word' id='word_1_259' title='bbox 2401 3796 2500 3844; x_wconf 92' lang='lat' dir='ltr'>III.</span> <span class='ocrx_word' id='word_1_260' title='bbox 2538 3795 2571 3844; x_wconf 87' lang='lat' dir='ltr'>f.</span> <span class='ocrx_word' id='word_1_261' title='bbox 2598 3799 2728 3861; x_wconf 68' lang='lat'><strong>104„</strong></span> 
     </span>
     <span class='ocr_line' id='line_1_32' title="bbox 385 3878 2728 3945; baseline 0.001 -16"><span class='ocrx_word' id='word_1_262' title='bbox 385 3896 514 3945; x_wconf 86' lang='lat' dir='ltr'><strong>quae</strong></span> <span class='ocrx_word' id='word_1_263' title='bbox 561 3879 694 3930; x_wconf 86' lang='lat' dir='ltr'><strong>obiit-</strong></span> <span class='ocrx_word' id='word_1_264' title='bbox 740 3880 837 3932; x_wconf 88' lang='lat' dir='ltr'><strong>XV</strong></span> <span class='ocrx_word' id='word_1_265' title='bbox 883 3896 1043 3930; x_wconf 86' lang='lat' dir='ltr'><strong>annos</strong></span> <span class='ocrx_word' id='word_1_266' title='bbox 1089 3884 1224 3929; x_wconf 84' lang='lat' dir='ltr'><strong>nata.</strong></span> <span class='ocrx_word' id='word_1_267' title='bbox 1362 3878 1402 3943; x_wconf 73' lang='lat'><strong>⁸)</strong></span> <span class='ocrx_word' id='word_1_268' title='bbox 1449 3878 1511 3929; x_wconf 87' lang='lat' dir='ltr'>V.</span> <span class='ocrx_word' id='word_1_269' title='bbox 1559 3879 1830 3944; x_wconf 85' lang='lat' dir='ltr'><strong>epistolam</strong></span> <span class='ocrx_word' id='word_1_270' title='bbox 1877 3880 1982 3929; x_wconf 88' lang='lat' dir='ltr'>Ioh.</span> <span class='ocrx_word' id='word_1_271' title='bbox 2035 3878 2173 3931; x_wconf 85' lang='lat' dir='ltr'><strong>Frid.</strong></span> <span class='ocrx_word' id='word_1_272' title='bbox 2210 3879 2280 3930; x_wconf 88' lang='grc' dir='ltr'><strong>Π.</strong></span> <span class='ocrx_word' id='word_1_273' title='bbox 2329 3879 2394 3929; x_wconf 91' lang='lat' dir='ltr'><strong>ad</strong></span> <span class='ocrx_word' id='word_1_274' title='bbox 2440 3880 2728 3932; x_wconf 86' lang='lat' dir='ltr'><strong>Electorem</strong></span> 
     </span>
     <span class='ocr_line' id='line_1_33' title="bbox 384 3962 2724 4031; baseline 0.001 -17"><span class='ocrx_word' id='word_1_275' title='bbox 384 3963 619 4029; x_wconf 87' lang='lat' dir='ltr'><strong>Coburgo</strong></span> <span class='ocrx_word' id='word_1_276' title='bbox 665 3965 821 4016; x_wconf 85' lang='lat' dir='ltr'><strong>missa</strong></span> <span class='ocrx_word' id='word_1_277' title='bbox 852 3966 912 4017; x_wconf 81' lang='lat' dir='ltr'>A.</span> <span class='ocrx_word' id='word_1_278' title='bbox 948 3964 1094 4014; x_wconf 82' lang='lat' dir='ltr'><strong>MDL</strong></span> <span class='ocrx_word' id='word_1_279' title='bbox 1131 3962 1187 4013; x_wconf 90' lang='lat' dir='ltr'><strong>in</strong></span> <span class='ocrx_word' id='word_1_280' title='bbox 1223 3964 1429 4013; x_wconf 80' lang='lat' dir='ltr'><strong>archivo</strong></span> <span class='ocrx_word' id='word_1_281' title='bbox 1462 3962 1626 4014; x_wconf 77' lang='lat' dir='ltr'><strong>Vim:</strong></span> <span class='ocrx_word' id='word_1_282' title='bbox 1680 3965 1902 4026; x_wconf 90' lang='lat' dir='ltr'><strong>„Zudem</strong></span> <span class='ocrx_word' id='word_1_283' title='bbox 1940 3964 2054 4014; x_wconf 83' lang='lat' dir='ltr'><strong>dass</strong></span> <span class='ocrx_word' id='word_1_284' title='bbox 2088 3980 2143 4014; x_wconf 86' lang='lat' dir='ltr'><strong>er</strong></span> <span class='ocrx_word' id='word_1_285' title='bbox 2178 3963 2493 4023; x_wconf 80' lang='lat' dir='ltr'><strong>(Victorinus</strong></span> <span class='ocrx_word' id='word_1_286' title='bbox 2530 3965 2724 4031; x_wconf 71' lang='lat' dir='ltr'><strong>Str-ige-</strong></span> 
     </span>
     <span class='ocr_line' id='line_1_34' title="bbox 380 4047 2726 4115; baseline 0 -16"><span class='ocrx_word' id='word_1_287' title='bbox 380 4048 504 4112; x_wconf 84' lang='lat' dir='ltr'><strong>lius)</strong></span> <span class='ocrx_word' id='word_1_288' title='bbox 539 4047 813 4115; x_wconf 81' lang='lat' dir='ltr'><strong>besorgett,</strong></span> <span class='ocrx_word' id='word_1_289' title='bbox 850 4048 1068 4099; x_wconf 83' lang='lat' dir='ltr'><strong>dieweill</strong></span> <span class='ocrx_word' id='word_1_290' title='bbox 1104 4048 1286 4113; x_wconf 86' lang='lat' dir='ltr'><strong>Stigell</strong></span> <span class='ocrx_word' id='word_1_291' title='bbox 1323 4053 1530 4099; x_wconf 83' lang='lat' dir='ltr'><strong>sonsten</strong></span> <span class='ocrx_word' id='word_1_292' title='bbox 1567 4066 1662 4099; x_wconf 83' lang='lat' dir='ltr'><strong>von</strong></span> <span class='ocrx_word' id='word_1_293' title='bbox 1682 4050 1848 4099; x_wconf 84' lang='lat' dir='ltr'><strong>Natur</strong></span> <span class='ocrx_word' id='word_1_294' title='bbox 1881 4050 1965 4098; x_wconf 86' lang='lat' dir='ltr'><strong>ein</strong></span> <span class='ocrx_word' id='word_1_295' title='bbox 2001 4048 2235 4113; x_wconf 83' lang='lat' dir='ltr'><strong>hefftiger</strong></span> <span class='ocrx_word' id='word_1_296' title='bbox 2256 4049 2438 4115; x_wconf 84' lang='lat' dir='ltr'><strong>Gesell,</strong></span> <span class='ocrx_word' id='word_1_297' title='bbox 2476 4049 2565 4100; x_wconf 89' lang='lat' dir='ltr'><strong>der</strong></span> <span class='ocrx_word' id='word_1_298' title='bbox 2597 4051 2726 4100; x_wconf 87' lang='lat' dir='ltr'><strong>auch</strong></span> 
     </span>
     <span class='ocr_line' id='line_1_35' title="bbox 383 4132 2727 4199; baseline 0.001 -16"><span class='ocrx_word' id='word_1_299' title='bbox 383 4133 628 4184; x_wconf 83' lang='lat' dir='ltr'><strong>wharlich</strong></span> <span class='ocrx_word' id='word_1_300' title='bbox 674 4135 756 4185; x_wconf 87' lang='lat' dir='ltr'><strong>ein</strong></span> <span class='ocrx_word' id='word_1_301' title='bbox 805 4151 974 4199; x_wconf 81' lang='lat' dir='ltr'><strong>grosse</strong></span> <span class='ocrx_word' id='word_1_302' title='bbox 1011 4132 1478 4184; x_wconf 88' lang='lat' dir='ltr'><strong>Geschicklichkcit</strong></span> <span class='ocrx_word' id='word_1_303' title='bbox 1520 4135 1653 4184; x_wconf 86' lang='lat' dir='ltr'><strong>nach</strong></span> <span class='ocrx_word' id='word_1_304' title='bbox 1698 4134 1863 4184; x_wconf 87' lang='lat' dir='ltr'><strong>seiner</strong></span> <span class='ocrx_word' id='word_1_305' title='bbox 1902 4134 2190 4185; x_wconf 82' lang='lat' dir='ltr'><strong>Profession</strong></span> <span class='ocrx_word' id='word_1_306' title='bbox 2237 4135 2410 4185; x_wconf 86' lang='lat' dir='ltr'><strong>hinter</strong></span> <span class='ocrx_word' id='word_1_307' title='bbox 2453 4136 2552 4186; x_wconf 87' lang='lat' dir='ltr'><strong>ime</strong></span> <span class='ocrx_word' id='word_1_308' title='bbox 2593 4134 2727 4187; x_wconf 65' lang='lat' dir='ltr'><strong>fliz-et</strong></span> 
     </span>
     <span class='ocr_line' id='line_1_36' title="bbox 380 4218 2725 4285; baseline 0 -16"><span class='ocrx_word' id='word_1_309' title='bbox 380 4218 489 4269; x_wconf 88' lang='lat' dir='ltr'><strong>und</strong></span> <span class='ocrx_word' id='word_1_310' title='bbox 541 4218 811 4283; x_wconf 84' lang='lat' dir='ltr'><strong>gleichwol</strong></span> <span class='ocrx_word' id='word_1_311' title='bbox 866 4219 995 4269; x_wconf 87' lang='lat' dir='ltr'><strong>auch</strong></span> <span class='ocrx_word' id='word_1_312' title='bbox 1040 4219 1123 4269; x_wconf 87' lang='lat' dir='ltr'><strong>bei</strong></span> <span class='ocrx_word' id='word_1_313' title='bbox 1176 4218 1263 4268; x_wconf 87' lang='lat' dir='ltr'><strong>der</strong></span> <span class='ocrx_word' id='word_1_314' title='bbox 1308 4219 1500 4284; x_wconf 80' lang='lat' dir='ltr'><strong>Jugent</strong></span> <span class='ocrx_word' id='word_1_315' title='bbox 1545 4235 1749 4285; x_wconf 85' lang='lat' dir='ltr'><strong>grossen</strong></span> <span class='ocrx_word' id='word_1_316' title='bbox 1798 4219 1964 4270; x_wconf 87' lang='lat' dir='ltr'><strong>Vleiss</strong></span> <span class='ocrx_word' id='word_1_317' title='bbox 2012 4220 2107 4270; x_wconf 88' lang='lat' dir='ltr'><strong>mit</strong></span> <span class='ocrx_word' id='word_1_318' title='bbox 2153 4225 2309 4284; x_wconf 84' lang='lat' dir='ltr'><strong>guten</strong></span> <span class='ocrx_word' id='word_1_319' title='bbox 2353 4220 2573 4270; x_wconf 85' lang='lat' dir='ltr'><strong>kunsten</strong></span> <span class='ocrx_word' id='word_1_320' title='bbox 2619 4220 2725 4271; x_wconf 87' lang='lat' dir='ltr'><strong>und</strong></span> 
     </span>
     <span class='ocr_line' id='line_1_37' title="bbox 381 4303 2721 4369; baseline 0.002 -16"><span class='ocrx_word' id='word_1_321' title='bbox 381 4303 659 4369; x_wconf 86' lang='lat' dir='ltr'><strong>Theologia</strong></span> <span class='ocrx_word' id='word_1_322' title='bbox 720 4305 816 4354; x_wconf 86' lang='lat' dir='ltr'><strong>mit</strong></span> <span class='ocrx_word' id='word_1_323' title='bbox 868 4305 1003 4355; x_wconf 89' lang='lat' dir='ltr'><strong>lesen</strong></span> <span class='ocrx_word' id='word_1_324' title='bbox 1057 4303 1163 4355; x_wconf 89' lang='lat' dir='ltr'><strong>und</strong></span> <span class='ocrx_word' id='word_1_325' title='bbox 1214 4304 1478 4354; x_wconf 86' lang='lat' dir='ltr'><strong>schreiben</strong></span> <span class='ocrx_word' id='word_1_326' title='bbox 1525 4304 1703 4354; x_wconf 83' lang='lat' dir='ltr'><strong>thuet“</strong></span> <span class='ocrx_word' id='word_1_327' title='bbox 1757 4320 1803 4355; x_wconf 90' lang='lat' dir='ltr'><strong>u.</strong></span> <span class='ocrx_word' id='word_1_328' title='bbox 1843 4321 1882 4355; x_wconf 86' lang='lat' dir='ltr'><strong>s.</strong></span> <span class='ocrx_word' id='word_1_329' title='bbox 1920 4320 1979 4355; x_wconf 75' lang='lat' dir='ltr'>W.</span> <span class='ocrx_word' id='word_1_330' title='bbox 2130 4303 2169 4369; x_wconf 79' lang='lat'><strong>⁹)</strong></span> <span class='ocrx_word' id='word_1_331' title='bbox 2218 4303 2275 4355; x_wconf 89' lang='lat' dir='ltr'>T.</span> <span class='ocrx_word' id='word_1_332' title='bbox 2329 4305 2426 4354; x_wconf 92' lang='lat' dir='ltr'>III.</span> <span class='ocrx_word' id='word_1_333' title='bbox 2479 4303 2514 4355; x_wconf 83' lang='lat' dir='ltr'>f.</span> <span class='ocrx_word' id='word_1_334' title='bbox 2564 4306 2628 4356; x_wconf 85' lang='lat'><strong>25</strong></span> <span class='ocrx_word' id='word_1_335' title='bbox 2674 4322 2721 4358; x_wconf 72' lang='lat' dir='ltr'>V.</span> 
     </span>
     <span class='ocr_line' id='line_1_38' title="bbox 380 4387 2302 4452; baseline 0.002 -15"><span class='ocrx_word' id='word_1_336' title='bbox 380 4388 442 4452; x_wconf 81' lang='lat'><strong>¹⁰)</strong></span> <span class='ocrx_word' id='word_1_337' title='bbox 478 4387 535 4440; x_wconf 90' lang='lat' dir='ltr'>T.</span> <span class='ocrx_word' id='word_1_338' title='bbox 572 4389 643 4440; x_wconf 91' lang='lat' dir='ltr'>II.</span> <span class='ocrx_word' id='word_1_339' title='bbox 678 4388 715 4440; x_wconf 85' lang='lat' dir='ltr'>f.</span> <span class='ocrx_word' id='word_1_340' title='bbox 753 4390 852 4440; x_wconf 88' lang='grc'><strong>207</strong></span> <span class='ocrx_word' id='word_1_341' title='bbox 889 4406 937 4441; x_wconf 70' lang='grc' dir='ltr'><strong>ν.</strong></span> <span class='ocrx_word' id='word_1_342' title='bbox 973 4387 1046 4438; x_wconf 84' lang='lat' dir='ltr'><strong>cf.</strong></span> <span class='ocrx_word' id='word_1_343' title='bbox 1085 4388 1146 4438; x_wconf 89' lang='lat' dir='ltr'><strong>de</strong></span> <span class='ocrx_word' id='word_1_344' title='bbox 1179 4388 1426 4439; x_wconf 85' lang='lat' dir='ltr'><strong>Mordisio</strong></span> <span class='ocrx_word' id='word_1_345' title='bbox 1463 4388 1786 4452; x_wconf 85' lang='lat' dir='ltr'><strong>(Mordeisen)</strong></span> <span class='ocrx_word' id='word_1_346' title='bbox 1823 4389 1880 4439; x_wconf 89' lang='lat' dir='ltr'>T.</span> <span class='ocrx_word' id='word_1_347' title='bbox 1918 4390 1957 4438; x_wconf 91' lang='grc' dir='ltr'><strong>Ι.</strong></span> <span class='ocrx_word' id='word_1_348' title='bbox 1995 4388 2029 4438; x_wconf 85' lang='lat' dir='ltr'>f.</span> <span class='ocrx_word' id='word_1_349' title='bbox 2068 4391 2183 4441; x_wconf 87' lang='grc'><strong>427.</strong></span> <span class='ocrx_word' id='word_1_350' title='bbox 2221 4391 2302 4442; x_wconf 86' lang='grc'><strong>28.</strong></span> 
     </span>
    </p>
   </div>
  </div>
 </body>
</html>
