3499 5219
1324 441 1839 503 -53—

852 692 916 756 p.
961 677 1065 738 46.
1142 672 1248 738 Ad
1290 673 1602 740 Ioannem
1648 673 1976 757 Stiqelz'um
2017 682 2294 758 poetam.

709 824 854 900 Quis
894 829 954 885 te
996 844 1116 886 11011
1157 827 1402 886 laudare
1444 829 1608 908 velit,
1652 847 1941 906 generose
1985 828 2239 906 Stigeli?

792 909 938 984 Quis
980 930 1098 970 non
1138 911 1438 988 ingenium
1479 913 1663 972 vellet
1706 933 1902 974 amare
1945 913 2154 973 tuum?

706 997 972 1056 Blandus
1016 1014 1079 1055 es
1125 1000 1183 1056 et
1227 996 1404 1056 eomis
1447 998 1701 1074 pariter:
1746 998 2126 1059 blandissima
2167 999 2375 1060 seribis

793 1080 1084 1160 Carmina,
1121 1081 1446 1142 blandicias
1490 1083 1722 1160 spargis
1766 1084 1986 1161 ubique
2030 1102 2248 1145 sacras.

708 1165 770 1226 Si
812 1166 1029 1226 vixisse
1073 1167 1172 1225 diu
1215 1167 1479 1227 tribuant
1519 1168 1626 1227 tibi
1669 1169 1926 1247 numina,
1969 1169 2154 1228 nostri

788 1253 1139 1311 Immensum
1180 1252 1404 1327 poteris
1446 1252 1725 1329 temporis
1772 1271 1902 1313 esse
1947 1253 2146 1313 decus.

828 1455 893 1519 p.
940 1437 1041 1500 87.
1127 1435 1207 1499 In
1253 1386 1506 1518 Stiqelii
1542 1443 1774 1519 poetae
1814 1436 2306 1504 habitacionem.

703 1589 909 1649 Aurea
949 1590 1211 1669 libertae,
1253 1590 1425 1649 vultu
1467 1590 1806 1665 candorque
1850 1590 2082 1651 decenti

788 1675 1101 1737 Praeditus
1143 1675 1255 1734 hoe
1298 1675 1565 1737 habitant
1605 1675 2035 1752 integritasque
2080 1677 2227 1736 1060.

498 1876 563 1940 p.
613 1861 753 1925 148.
852 1857 957 1923 Ad
1000 1857 1297 1921 Ioannem
1343 1856 1669 1941 Sciqelium
1705 1865 1963 1942 poetam
2005 1880 2049 1925 a
2091 1859 2367 1928 Caesare
2411 1861 2642 1929 Carolo

1361 1943 1787 2009 nobilitatum.

703 2095 898 2175 Salve,
942 2098 1199 2157 natalem
1240 2096 1427 2176 euius,
1471 2116 1760 2174 generose
1806 2098 2035 2178 Stigeli‚

790 2180 1080 2242 Ornamus
1122 2182 1330 2243 merito
1374 2183 1594 2243 musica
1633 2183 1811 2242 turba
1851 2187 1982 2242 tuo:

701 2267 909 2328 Cernis
953 2271 1011 2327 et
1053 2267 1163 2327 Eoi
1204 2267 1313 2327 tibi
1354 2266 1416 2326 id
1458 2285 1641 2326 aurea
1682 2267 1882 2326 sidera
1925 2267 2074 2327 eoeli

784 2350 1134 2430 Ostendunt‚
1180 2352 1229 2412 si
1270 2355 1336 2410 tu
1379 2352 1575 2412 sidera
1617 2352 1818 2412 forsan
1863 2371 2039 2412 amas.

697 2438 778 2497 Vt
818 2456 1008 2497 novus
1051 2436 1328 2497 adveniat
1370 2436 1461 2497 bis
1502 2438 1659 2499 senis
1700 2438 2001 2501 mensibus
2043 2455 2233 2497 annus

783 2521 1016 2598 Quique
1058 2540 1270 2581 novam
1313 2526 1593 2582 aestatem
1636 2522 1754 2580 fert
1795 2521 2161 2598 hiememque
2204 2540 2447 2586 novam:

697 2605 870 2682 Quod
913 2607 962 2668 si
1006 2607 1148 2684 quid
1191 2625 1321 2667 mea
1362 2613 1501 2668 vota
1544 2607 1744 2668 valent
1788 2612 2113 2686 praestare,
2158 2611 2448 2685 precabor

779 2693 980 2753 Rebus
1024 2696 1087 2751 ut
1129 2692 1230 2752 ille
1273 2693 1391 2753 tuis
1434 2711 1669 2769 semper
1709 2693 1928 2753 amieus
1971 2697 2085 2753 eat.

695 2778 947 2854 Incipiat
990 2776 1135 2836 felix
1179 2781 1238 2837 et
1278 2777 1492 2838 finibus
1536 2781 1709 2837 exeat
1751 2778 1957 2854 aequis

779 2864 857 2921 Et
900 2862 1176 2937 quoniam
1220 2881 1407 2923 novus
1452 2867 1560 2941 est,
1604 2862 1704 2923 det
1745 2880 1902 2922 nova
1944 2865 2158 2924 cuneta
2196 2862 2322 2922 tibi.

694 2949 926 3008 Afferat
967 2947 1067 3006 ille
1112 2965 1296 3007 novas
1338 2966 1486 3024 quas
1530 2949 1699 3006 ornet
1739 2965 2011 3024 purpura
2052 2951 2269 3027 vestes,

779 3033 1012 3092 Afferat
1054 3032 1287 3108 argenti
1330 3051 1577 3091 munera
1618 3031 1791 3108 larga
1832 3031 1988 3092 novi.

694 3118 927 3177 Afferat
970 3121 1029 3177 et
1070 3117 1324 3177 calamos
1367 3117 1443 3176 ad
1487 3115 1746 3176 earmina
1789 3119 2000 3192 coepta
2042 3117 2312 3175 reeentes

779 3204 858 3261 Et
899 3220 1283 3278 quascunque
1327 3201 1495 3278 eupis
1538 3220 1635 3261 res
1679 3201 1834 3261 sinat
1877 3219 2006 3262 esse
2049 3219 2253 3260 novas.

694 3289 773 3347 Et
813 3305 970 3347 nova
1011 3287 1218 3346 nodosi
1259 3287 1366 3347 tibi
1408 3290 1549 3346 nota
1590 3286 1889 3346 volumina
1931 3284 2144 3345 IVRIS

778 3373 977 3448 Atque
1021 3390 1206 3431 novos
1249 3366 1416 3431 vates
1458 3371 1906 3447 Historieosque
1950 3388 2153 3430 novos.

695 3456 982 3533 Quaeque
1024 3475 1243 3516 novum
1283 3456 1461 3516 faeiat
1503 3456 1755 3532 pulchra
1795 3459 1855 3515 te
1898 3456 2067 3532 prole
2110 3456 2415 3530 parentem

778 3543 988 3602 Annus
1034 3540 1339 3617 Calliopen
1383 3541 1483 3602 det
1524 3559 1712 3600 novus
1755 3541 1865 3602 iste
1907 3557 2138 3600 novam.

652 3677 659 3680 .
693 3628 808 3687 Illa
849 3627 1018 3686 novis
1063 3626 1170 3686 tibi
1211 3626 1518 3686 blandiciis
1561 3644 1717 3685 nova
1759 3625 1979 3702 gaudia
2018 3628 2283 3700 praestet

779 3712 1206 3786 Exhilaretque
1247 3711 1419 3771 novis
1458 3715 1517 3770 te
1560 3729 1715 3770 nova
1756 3715 1880 3774 tota
1919 3709 2124 3788 11101113,

696 3797 824 3858 Sint
866 3815 1022 3857 nova
1064 3796 1248 3874 basia,
1292 3796 1407 3856 sint
1449 3796 1775 3874 amplexus,
1819 3795 2039 3871 osenla,
2081 3798 2293 3873 motus,

781 3881 869 3942 Sit
911 3899 1138 3942 eunnus
1181 3899 1370 3940 novus
1414 3885 1472 3940 et
1514 3881 1630 3940 sint
1672 3899 1829 3940 nova
1872 3882 2083 3942 cuneta
2123 3879 2247 3939 tibi.

694 3969 773 4026 Et
815 3967 865 4026 si
908 3985 1084 4042 quam
1125 3970 1384 4025 veterem
1427 3965 1654 4025 fastidis
1696 3964 1900 4027 forsan
1940 3964 2182 4024 amieam

781 4051 1055 4112 Solamen
1096 4051 1260 4110 vidui
1302 4051 1380 4112 da
1420 4050 1561 4109 mihi
1602 4068 1826 4126 quaeso
1868 4049 2002 4108 tori.

691 4137 841 4197 Sunt
881 4137 1028 4197 adeo
1071 4136 1304 4212 gelidae
1346 4139 1548 4195 noetes
1590 4135 1703 4195 1106
1742 4138 2007 4211 tempore
2051 4134 2294 4194 brumae

775 4222 854 4280 Et
894 4225 981 4281 tot
1023 4240 1181 4281 nune
1221 4224 1424 4281 1106163
1467 4220 1689 4281 dormio
1734 4221 1895 4280 solus
1938 4233 2069 4295 ego.

690 4307 852 4383 Ergo
895 4325 1107 4367 novam
1146 4306 1254 4365 tibi
1295 4305 1344 4365 si
1387 4305 1550 4365 dabit
1588 4305 1684 4364 hie
1726 4323 1915 4365 novus
1958 4320 2145 4365 annus
2186 4301 2429 4362 amieam

774 4392 855 4451 Vt
896 4410 1052 4452 nova
1092 4390 1276 4451 multa
1313 4390 1422 4451 tibi
1461 4389 1709 4452 forsitan
1746 4391 1849 4452 ille
1892 4388 2074 4470 dabit,
