3499 5219
1221 438 1790 503 —109—

328 612 415 679 ab
463 612 722 683 urbanis
764 612 1241 696 magistratibus
1282 612 1656 696 impugnata
1700 618 1816 695 est,
1864 612 1972 694 qui
2000 608 2463 674 immunitatem
2492 607 2671 674 illam

329 721 400 781 et
453 713 691 778 damno
749 720 814 780 et
870 712 1168 781 dedecori
1221 715 1345 781 sibi
1403 734 1548 781 esse
1602 713 2093 779 arbitrabantur.
2180 711 2288 777 Sic
2343 711 2675 777 Bononiae

329 817 479 900 plus
536 815 832 899 simplici,
864 817 1004 882 vice
1059 817 1142 882 ab
1198 817 1445 882 urbano
1516 816 1896 899 magistratu
1956 815 2155 881 exilio
2216 814 2471 878 multati
2527 820 2679 878 sunt

328 925 608 984 rectores
651 919 1103 1002 universitatis,
1147 939 1234 986 ne
1274 920 1403 987 alio
1446 919 1582 984 foro
1612 936 1805 1001 quam
1833 917 2081 982 urbano
2108 918 2435 981 uterentur
2462 914 2676 980 docto-

330 1039 435 1085 res
494 1026 560 1085 et
616 1019 885 1087 studiosi
911 1054 916 1061 ·
941 1022 1312 1088 litterarum.
1414 1020 1620 1100 Quam
1678 1027 1900 1086 contra
1955 1019 2255 1084 iniuriam·
2310 1017 2408 1082 sie'
2456 1017 2678 1083 ulcisci

331 1120 630 1185 solebant
670 1122 957 1205 studiosi,
1002 1130 1071 1188 ut
1113 1124 1507 1190 secessiones
1548 1122 1832 1189 facerent
1871 1138 2083 1203 neque
2112 1120 2290 1203 prius
2317 1119 2674 1184 Bononiam

329 1229 801 1289 reverterentur
840 1244 1030 1307 quam
1073 1225 1382 1290 restitutis
1423 1220 1935 1289 immunitatibus-
1971 1220 2268 1304 antiquis.
2337 1220 2677 1287 Pontifices

332 1323 497 1390 adeo
527 1325 800 1390 Romani
827 1333 907 1392 :et
950 1327 1376 1410 Imperatores
1418 1334 1724 1408 tanquam
1768 1323 2043 1393 officium
2083 1323 2496 1388 iniunxerunt
2524 1323 2676 1388 Vni-

331 1425 622 1493 versitati
678 1427 1102 1510 Bononiensi,
1178 1448 1261 1494 ne
1325 1428 1650 1495 deturbari
1716 1446 1788 1493 se
1850 1432 2175 1510 pateretur
2227 1425 2310 1491 de
2364 1425 2671 1509 legitimo,

333 1547 520 1610 quem
565 1528 1039 1612 impetraverat,
1086 1532 1272 1596 statu.
1360 1529 1523 1596 Inde
1566 1550 1714 1594 mox
1759 1549 1834 1594 eo
1878 1547 1981 1593 res
2023 1524 2357 1599 Bononiae
2402 1528 2676 1594 deducta

334 1636 461 1710 est,
521 1637 589 1694 ut
643 1630 798 1696 iuris
854 1631 1124 1697 studiosi
1180 1651 1251 1697 se
1305 1631 1654 1705 secundum
1711 1630 1986 1714 patriam
2032 1629 2392 1695 dividerent
2433 1630 2500 1694 in
2547 1629 2677 1696 Ois-

332 1738 673 1807 montanos
715 1739 780 1798 et
823 1733 1375 1817 Vltramontanos,
1420 1730 1642 1817 quales
1686 1739 1817 1797 tum
1862 1728 2121 1814 quidem
2163 1731 2567 1812 dicebantur,
2613 1739 2677 1799 et

334 1832 426 1898 ita
470 1831 723 1915 quidem
769 1856 884 1900 sua
927 1854 1219 1918 quaeque
1260 1830 1450 1900 factio
1493 1838 1826 1901 Rectorem
1879 1834 2174 1916 eligeret,
2235 1834 2342 1916 qui
2397 1833 2507 1900 ius·
2555 1833 2677 1900 sibi

336 1934 594 2000 diceret.
682 1936 895 2003 Secuti
938 1944 1086 2007 sunt
1128 1938 1360 2003 medici
1403 1944 1467 2004 et
1509 1937 1868 2002 liberalium
1912 1936 2143 2000 artium
2187 1935 2504 2018 magistri,
2549 1938 2677 2019 qui,

334 2037 591 2119 agmine
633 2040 1017 2123 composito,
1077 2041 1176 2105 ius
1233 2039 1403 2106 tertii
1460 2039 1746 2105 Rectoris
1803 2037 2065 2103 creandi
2122 2037 2245 2102 sibi
2301 2044 2678 2121 extorquere

334 2138 741 2224 studuerunt,
798 2141 915 2208 sed
951 2144 1236 2226 .frustra3
1297 2163 1448 2207 nam
1490 2141 1824 2206 Bononiae
1876 2139 2137 2205 tandem
2178 2139 2406 2205 iterum
2453 2159 2555 2206 res
2600 2156 2676 2207 eo

336 2241 660 2325 pervenit,
720 2250 792 2308 ut
847 2251 981 2309 tota
1038 2243 1421 2310 universitas
1464 2238 1817 2308 litterarum
1860 2242 1973 2307 uni
2015 2236 2274 2317 rectori,
2334 2244 2676 2324 quotannis

335 2343 634 2426 creando,
678 2344 949 2428 pareret.
1623 2362 1650 2373 ”
1788 2340 1795 2345 ’
2170 2340 2175 2393 3

505 2446 715 2529 Atque
755 2447 848 2513 sic
891 2448 1081 2514 etiam
1125 2448 1416 2515 lenensis
1447 2446 1851 2513 Vniversitas
1884 2440 2224 2528 postquam
2267 2446 2350 2510 ab
2391 2446 2680 2512 Iohanne

337 2546 661 2614 Friderico
703 2549 1115 2633 Magnanimo
1160 2549 1435 2632 condita,
1479 2549 1563 2615 ab
1594 2549 1989 2632 Imperatore
2017 2544 2429 2613 Ferdinando
2473 2550 2679 2632 primo

331 2650 841 2716 *immunitatibus
897 2653 1204 2718 instructa
1246 2660 1413 2734 erat,
1474 2671 1670 2716 unum
1711 2652 2045 2716 Rectorem
2103 2650 2224 2714 sibi
2282 2652 2510 2734 elegit,
2570 2653 2678 2735 qui

338 2752 440 2817 ius
496 2759 560 2816 et
600 2752 1062 2835 professoribus
1121 2761 1186 2820 et
1241 2753 1540 2819 studiosis
1595 2749 1952 2818 litterarum
2012 2750 2280 2833 diceret,
2341 2760 2679 2836 postquam

339 2853 464 2936 ipsi
505 2853 895 2937 professores
937 2862 1002 2921 et
1044 2856 1314 2922 studiosi
1356 2856 1416 2922 ei
1449 2853 1846 2921 sollemniter
1871 2854 2256 2923 iuraverant.
2329 2855 2438 2920 Ius
2466 2862 2678 2922 autem

340 2955 622 3020 habebat
678 2956 1075 3023 Vniversitas
1145 2956 1430 3040 eligendi
1486 2963 1792 3023 rectorem
1851 2969 2289 3038 quemcunque
2346 2958 2544 3023 vellet
2596 2976 2680 3024 ex

339 3077 605 3139 corpore
647 3058 1046 3142 academice,
1104 3060 1300 3144 modo·
1352 3059 1707 3141 „honestae
1762 3064 1933 3122 esset
1987 3056 2300 3139 familiae,
2359 3058 2680 3140 ingenuae

342 3157 670 3225 doctrinae
725 3167 791 3226 et
843 3168 1130 3226 moratae
1184 3160 1398 3225 vitae“
1467 3166 1622 3239 (non
1688 3177 1835 3225 mea
1892 3164 2040 3223 sunt
2091 3157 2251 3223 haec
2307 3160 2508 3224 verba
2564 3160 2681 3226 sed

340 3259 604 3341 antiqua
643 3259 789 3343 ipsa
832 3262 967 3327 eius
1010 3262 1360 3346 temporis).
1458 3261 1650 3344 Apud
1707 3280 1827 3325 nos
1882 3266 2111 3325 autem·
2148 3258 2303 3324 inde
2356 3260 2441 3325 ab
2496 3261 2680 3326 initio

340 3360 427 3425 ad
469 3363 833 3445 exemplum
863 3363 1312 3430 Vniversitatis
1347 3363 1705 3446 Pragensis,
1751 3359 1923 3446 quod
1966 3362 2160 3427 etiam
2190 3360 2683 3445 Vitebergenses

340 3463 542 3528 secuti
613 3471 788 3547 sunt,
863 3466 1185 3532 semestris
1255 3465 1400 3529 fuit⁸
1442 3463 1546 3530 hic
1616 3465 2056 3548 magistratus,
2134 3463 2683 3548 iuramentumque

340 3566 595 3630 Rectori
649 3566 939 3632 semestri
997 3586 1246 3651 quoque
1279 3563 1801 3650 praestandum·
1834 3565 2077 3648 Saepe
2135 3565 2325 3631 etiam
2384 3566 2683 3633 studiosis

343 3665 722 3747 quibusdam
765 3668 1118 3734 litterarum
1160 3668 1334 3754 apud
1376 3689 1495 3734 nos
1542 3668 1921 3751 degentibus
1966 3666 2216 3732 delatus
2262 3673 2359 3732 est
2400 3685 2685 3735 summus

341 3769 783 3852 magistratus,
856 3771 912 3835 si
971 3770 1150 3853 digni
1207 3771 1328 3836 visi
1384 3771 1652 3837 fuissent
1709 3768 1976 3835 Senatui
2033 3773 2099 3833 et
2151 3775 2413 3852 propter
2468 3770 2683 3854 stirpis

341 3869 743 3936 nobilitatem
802 3878 867 3938 et
921 3880 1182 3956 propter
1238 3893 1446 3939 mores
1504 3872 1813 3955 egregios.
1902 3867 2118 3936 Nolite
2175 3877 2389 3936 autem
2442 3873 2679 3954 mirari,

343 3972 805 4039 commilitones
848 3974 1090 4057 optimi,
1138 3974 1222 4039 ab
1265 3974 1543 4057 antiquis
1587 3974 1781 4039 etiam
1826 3992 1862 4038 e
1907 3971 2135 4037 Vestro
2174 3989 2441 4038 numero
2485 3991 2683 4057 saepe

345 4075 581 4140 electos
624 4091 767 4141 esse
808 4074 896 4140 ad
938 4075 1108 4140 hanc
1149 4074 1525 4159 dignitatem
1561 4072 2060 4158 capessendam3
2106 4093 2257 4138 nam
2300 4095 2431 4139 non
2475 4076 2680 4140 solum

345 4175 790 4252 adolescentes
843 4185 977 4241 tum
1031 4178 1338 4262 temporis
1392 4177 1743 4243 studiorum
1796 4171 1994 4241 causa
2046 4175 2115 4239 in
2164 4175 2528 4242 academias
2569 4176 2687 4241 mi·

344 4286 636 4360 grarunt,
695 4286 766 4344 ut
807 4299 980 4344 nunc
1019 4286 1149 4362 est,
1201 4280 1318 4346 sed
1360 4279 1481 4346 viri
1524 4280 1716 4345 etiam
1739 4284 1825 4343 =et
1866 4277 2150 4343 seniores
2194 4276 2388 4359 adeo,
2436 4278 2683 4361 quibus,

346 4379 651 4447 honorem
708 4383 969 4450 rectoris
1027 4381 1082 4447 si
1140 4379 1545 4462 detulissent,
1608 4375 2012 4446 concordiam
2065 4379 2231 4444 inter
2284 4379 2576 4446 doctores
2622 4387 2686 4445 et
