3499 5219
1330 474 1374 480 -
1445 475 1462 480 -
1552 435 1678 502 327
1765 476 1898 481 ----

613 607 701 670 At
756 626 907 671 vero
963 606 1072 688 qui
1130 606 1333 670 virum·
1397 606 1990 673 innocentissimum
2061 609 2438 674 temerariae
2508 612 2794 682 levitatis

442 707 841 772 insimulavit
886 708 1036 772 dum
1082 727 1387 773 excusare
1431 708 1904 790 quodammodo
1948 715 2242 791 conatur,
2297 731 2427 775 non
2470 715 2793 796 reputavit

445 810 586 892 ipse
643 828 817 890 eum,
881 810 987 892 qui
1030 810 1098 873 in
1141 809 1390 874 theatro
1434 808 1671 874 Bacchi
1714 830 2025 894 perorans
2067 811 2391 877 insisteret
2430 814 2618 896 logeo
2634 865 2650 898 ‚
2706 835 2791 883 ne

444 910 773 975 minimam
821 911 1076 993 quidem
1122 911 1317 976 maris
1360 911 1737 994 particulam
1783 912 2067 994 potuisse
2123 914 2522 997 conspicere,
2581 916 2697 982 sed
2754 937 2792 985 e

444 1012 706 1093 regione
763 1012 887 1076 sibi
943 1013 1248 1078 habuisse
1306 1012 1635 1095 oppositas
1692 1014 1857 1078 arcis
1911 1033 2105 1097 rupes
2163 1021 2228 1079 et
2281 1036 2495 1082 muros
2513 1065 2528 1095 ,
2593 1006 2791 1101 quum

442 1113 768 1178 auditores
810 1114 878 1177 in
919 1134 1096 1179 mare
1139 1114 1596 1198 prospicerent.
1684 1115 2066 1180 Rossianam
2123 1116 2315 1199 igitur
2368 1118 2463 1184 rei
2511 1120 2791 1203 explica-

444 1216 680 1280 tionem
697 1264 713 1297 ,
788 1234 914 1297 qua
984 1216 1164 1280 nullo
1236 1216 1427 1280 modo
1486 1215 1813 1281 Plutarchi
1869 1218 2151 1282 narratio
2209 1218 2500 1300 expediri
2557 1226 2787 1304 potest,

442 1318 705 1382 missam
760 1317 1099 1398 faciamus,
1159 1337 1523 1400 quanquam
1579 1337 1683 1384 res
1738 1317 1885 1399 ipsa
1898 1366 1915 1399 ,
1976 1318 2154 1384 cuius
2209 1337 2468 1386 causam
2526 1322 2790 1390 Rossius

443 1419 760 1500 sustinuit,
807 1438 964 1484 vera
1008 1437 1149 1483 esse
1191 1419 1386 1484 etiam
1427 1418 1586 1483 mihi
1627 1418 1901 1483 videtur.

609 1520 817 1585 Aliter
858 1520 1281 1587 Plutarcheae
1322 1520 1707 1586 narrationis
1754 1519 2191 1587 difficultatem
2236 1522 2543 1605 expedire
2584 1546 2790 1610 nuper

442 1628 709 1686 conatus
764 1628 864 1686 est
904 1622 981 1685 A.
1027 1622 1103 1685 R.
1148 1622 1494 1704 Rangabes
1550 1623 1795 1687 amicus
1849 1641 2030 1688 meus
2088 1623 2329 1706 (Antiq.
2386 1624 2790 1710 helleniques

445 1725 521 1786 T.
570 1724 656 1787 II.
701 1743 765 1805 p.
805 1727 927 1789 584
971 1726 1154 1807 sqq.),
1202 1724 1310 1806 qui
1354 1742 1434 1789 ea
1475 1730 1661 1807 septa
1702 1743 1870 1806 quae
1911 1744 2081 1789 nunc
2122 1724 2417 1790 dicuntur
2459 1747 2600 1808 cum
2645 1729 2789 1794 sub-

441 1927 634 1976 dictum
672 1929 723 1976 et
756 1927 1131 1975 accomodatum
1168 1926 1243 1975 rei
1278 1941 1384 1976 esse
1406 1930 1628 1989 autumo,
1666 1942 1821 1990 quum
1846 1925 2140 1990 Pelasgieae
2175 1926 2419 1977 immanes
2454 1927 2789 1980 substructio-

444 2028 532 2061 nes
585 2012 874 2061 etiamnunc
924 2011 1252 2062 inveniantur
1297 2009 1353 2059 in
1401 2012 1596 2076 Pnyee;
1656 2011 1693 2059 i.
1745 2026 1790 2061 e.
1844 2010 1898 2060 in
1948 2010 2062 2076 ipsa
2108 2012 2240 2061 arcis
2284 2013 2570 2065 vicinitate.
2640 2014 2789 2070 Quod

442 2112 649 2161 prorsus
694 2095 966 2162 respondet
1000 2095 1225 2144 Pollucis
1272 2092 1441 2144 verbis
1476 2091 1626 2152 Πνὺξ
1662 2083 1727 2156 ἦν
1756 2092 1971 2162 χωρίον
2003 2092 2144 2163 πρὸς
2178 2097 2244 2163 τῇ
2281 2091 2581 2167 ἀκροπόλει.
2652 2099 2790 2150 Illud

442 2187 612 2231 autem
650 2182 937 2246 intelligere
973 2181 1123 2245 plane
1157 2197 1259 2229 non
1295 2182 1458 2245 potui,
1506 2196 1598 2230 eur
1631 2180 1922 2241 Vischeru8‚
1962 2184 2021 2229 ut
2056 2196 2165 2230 eam
2201 2181 2628 2246 significationem
2663 2180 2794 2250 περῖ

441 2267 839 2331 praepositionis
875 2267 1162 2316 defenderet
1198 2280 1347 2331 quam
1382 2266 1492 2331 ipse
1527 2267 1691 2315 inesse
1725 2264 1891 2315 voluit
1924 2266 2089 2316 verbis
2116 2267 2380 2329 Hecataei,
2401 2271 2507 2332 ‘qui
2542 2269 2601 2318 de
2639 2284 2789 2334 opere

440 2367 556 2401 vere
591 2351 816 2416 perfecto
849 2351 1051 2401 locutus
1087 2354 1190 2414 est,
1236 2350 1547 2416 Thucydidis
1595 2350 1836 2414 quosdam
1880 2350 2018 2399 locos
2052 2352 2373 2416 apposuerit,
2422 2351 2608 2417 quibus
2643 2370 2791 2421 περι·

439 2439 695 2504 τείχισμα
742 2435 931 2501 legitur
978 2436 1040 2485 de
1085 2452 1236 2500 opere
1281 2435 1523 2485 inchoato
1571 2451 1674 2484 non
1722 2434 1949 2500 perfeeto
1995 2434 2478 2489 circumvallationis
2522 2438 2663 2489 urbis
2698 2456 2789 2505 op·

440 2521 745 2586 pugnandae
768 2525 1084 2586 usurpatum.
1142 2523 1530 2590 Περιτειζχισμα
1564 2519 1698 2570 enim
1736 2524 1789 2569 et
1821 2515 2082 2575 κύκλωσις
2115 2525 2236 2571 sunt
2258 2521 2505 2572 militaria
2527 2524 2789 2587 vocabula,

442 2606 622 2670 quibus
671 2612 721 2655 et
767 2605 832 2655 iis
880 2606 957 2656 uti
1002 2605 1126 2656 licet
1174 2607 1263 2671 qui
1309 2609 1519 2673 propter
1563 2604 1928 2671 impedimenta
1973 2605 2217 2671 quaedam
2252 2606 2318 2656 ad
2352 2606 2501 2659 finem
2537 2626 2639 2659 non
2676 2626 2789 2675 per-

441 2691 695 2740 duxerunt
741 2691 1272 2741 circumvallationem.
1338 2694 1496 2741 Porro
1544 2692 1598 2740 in
1644 2690 1759 2740 loco
1795 2689 2012 2740 Clidemi
2060 2690 2159 2741 duo
2198 2691 2523 2757 Pelasgorum
2571 2697 2788 2745 maxima

440 2791 594 2842 opera
631 2780 984 2838 recensentur,
1035 2776 1166 2825 areis
1212 2791 1328 2825 area
1374 2782 1425 2825 et
1459 2775 1709 2839 Pelasgiei
1747 2774 1947 2824 castelli
1981 2777 2321 2825 constructio:
2370 2773 2463 2826 καὶ
2512 2771 2783 2839 ἧπέδιζον,

440 2860 639 2925 inquit,
690 2856 791 2921 τὴν
836 2852 1164 2924 ἀκρόπολιν,
1215 2857 1564 2926 περιέβαλλον
1611 2856 1671 2909 δὲ
1716 2854 2046 2909 ἐννεάπυλον
2079 2855 2142 2909 τὸ
2182 2859 2518 2927 Πελαργικόν
2552 2863 2784 2924 (Suidast

440 2941 505 2995 τὸ
554 2939 924 3010 Πελασγικόν).
1011 2948 1165 3004 Quem
1212 2944 1409 3006 locum,
1462 2944 1520 2993 in
1571 2959 1671 3008 quo
1722 2941 2075 3010 περιέβαλλον
2123 2944 2331 2994 verbum
2378 2945 2444 2995 ad
2493 2940 2789 3013 ἀκρόπολιν

442 3031 698 3095 pertinere
734 3045 835 3078 non
874 3033 1043 3093 potest
1076 3033 1283 3094 propter
1318 3034 1616 3094 argumenta
1649 3028 1965 3092 gravissima,
2014 3029 2087 3077 sic
2125 3044 2220 3093 ego
2255 3031 2647 3080 convertendum
2682 3047 2789 3083 esse

441 3115 575 3165 dixi:
634 3114 723 3166 Sie
776 3117 972 3165 cbneten
1026 3115 1105 3164 die
1149 3115 1412 3179 Acropolis
1463 3115 1566 3182 und
1615 3115 1834 3164 machten
1881 3132 1959 3163 um
2004 3114 2097 3165 das
2143 3113 2437 3180 Pelasyicon
2485 3116 2538 3177 (i.
2588 3132 2629 3167 e.
2678 3131 2786 3166 eam

440 3201 700 3264 regionem
748 3215 898 3264 quam
933 3196 1165 3262 Pelasgis
1209 3199 1265 3248 in
1317 3196 1436 3248 urbe
1485 3214 1576 3248 sua
1622 3196 2008 3247 inhabitandam
2049 3202 2401 3247 concesserant
2434 3200 2789 3263 Athenienses,

441 3301 486 3334 v.
524 3284 745 3350 Thucyd.
783 3283 874 3345 lv,
914 3285 1045 3344 109.)
1086 3286 1223 3335 einen
1260 3282 1515 3334 Peribolos
1565 3285 1651 3333 mit
1696 3301 1821 3333 neun
1863 3282 2072 3332 Tkoren.
2143 3284 2215 3331 Ac
2262 3282 2307 3331 si
2346 3281 2479 3332 dixit
2512 3282 2786 3349 Clidemus,

440 3369 845 3419 circumvallasse
880 3368 1119 3433 Pelasgos
1154 3384 1295 3418 suam
1329 3368 1583 3431 regionem
1617 3366 1718 3428 ita,
1769 3370 1827 3416 ut
1861 3370 1992 3416 esset
2026 3361 2372 3423 ἒννεάπυλος,
2426 3367 2551 3433 quid
2585 3368 2785 3434 vitupe-

441 3453 655 3503 randum
701 3455 771 3503 sit
817 3454 872 3503 in
919 3452 1086 3503 verbis
1133 3469 1211 3502 me
1261 3469 1365 3502 non
1412 3452 1697 3517 perspicere
1731 3451 1909 3503 fateor.
1980 3451 2137 3502 Plane
2175 3452 2310 3501 enim
2344 3451 2418 3501 sic
2455 3451 2589 3502 dixit
2620 3453 2786 3504 Hero-

441 3539 594 3589 dotus
627 3540 673 3600 I,
712 3541 837 3592 163:
888 3540 1064 3605 τεῖχος·
1096 3535 1489 3606 περιβαλέσθαι
1533 3534 1636 3599 τὴν
1668 3532 1842 3587 πόλιν.
1915 3536 2149 3587 Castrum
2183 3539 2350 3586 autem
2387 3535 2594 3601 aliquod
2628 3537 2787 3588 fuisse

442 3624 497 3673 in
545 3623 850 3673 occidentali
900 3624 1030 3674 arcis
1077 3623 1259 3688 plaga,
1313 3637 1439 3687 quae
1487 3621 1721 3673 Vischeri
1769 3623 1923 3672 etiam
1970 3622 2224 3671 sententia
2269 3625 2372 3683 est,
2432 3626 2537 3671 tum
2586 3622 2785 3673 credam

443 3721 598 3773 quum
642 3707 724 3757 vel
770 3707 982 3758 minima
1028 3708 1137 3758 eius
1183 3707 1401 3772 vestigia
1444 3708 1794 3773 apparuerint.
1861 3707 1943 3757 Ea
1977 3707 2114 3756 enim
2149 3721 2275 3771 quae
2310 3705 2549 3757 Beuleius
2595 3707 2789 3757 detexit

443 3791 763 3856 (L’aeropole
799 3790 1068 3842 d’Athenes
1103 3792 1160 3842 T.
1198 3793 1241 3842 I.
1288 3808 1340 3857 p.
1378 3793 1441 3843 82
1478 3791 1593 3857 al.)‚
1641 3807 1672 3841 a
1717 3807 1797 3841 me
1842 3792 1956 3856 ipso
2003 3791 2158 3841 etiam
2193 3806 2347 3856 quum
2381 3791 2594 3840 Athenis
2629 3806 2787 3842 essem

442 3876 720 3941 diligenter
754 3877 1088 3941 perlustrata,
1123 3893 1270 3927 nemo
1306 3891 1399 3941 pro
1433 3875 1701 3926 ruderibus
1738 3876 1893 3926 castri
1929 3875 2175 3941 pelasgici
2208 3874 2445 3936 habebit,
2481 3890 2785 3941 quanquam,

442 3961 578 4027 quod
612 3960 800 4023 miror,
841 3962 965 4011 satis
997 3961 1302 4026 placuerunt
1335 3962 1592 4012 Vischero.
1663 3951 1797 4011 Ante
1832 3962 2006 4011 omnia
2039 3965 2209 4011 autem
2242 3960 2310 4009 iis
2345 3961 2434 4025 qui
2467 3961 2788 4025 Pelasgieum

442 4047 708 4097 castellum
735 4046 1178 4111 propugnaculum
1215 4044 1619 4115 (προτείχισμα)
1664 4047 1798 4096 arcis
1841 4045 2000 4096 fuisse
2050 4049 2283 4095 statuunt
2326 4045 2489 4096 forma
2525 4046 2785 4110 figuraque

441 4133 595 4183 huius
640 4130 838 4181 castelli
886 4130 1184 4180 delineanda
1232 4135 1366 4195 erat,
1425 4136 1483 4181 ut
1533 4132 1908 4195 intelligeretur
1959 4130 2049 4181 ubi
2102 4130 2305 4181 tandem
2350 4130 2576 4180 locorum
2621 4149 2785 4183 novem

438 4228 615 4283 portae
662 4214 854 4268 castelli
904 4214 1179 4265 collocatae
1225 4217 1468 4268 fuissent:
1520 4218 1577 4267 in
1627 4232 1727 4281 quo
1774 4215 1981 4266 videant
2026 4215 2181 4265 etiam
2229 4231 2328 4280 quo
2373 4215 2520 4265 modo
2568 4220 2685 4281 apte
2734 4218 2788 4266 et

441 4302 653 4366 pulchre
687 4304 994 4366 componant
1027 4315 1141 4350 cum
1175 4301 1477 4367 propylaeis.
1549 4301 1696 4358 Quod
1741 4302 1845 4351 nisi
1891 4300 2105 4351 fecerint
2152 4300 2288 4350 ultro
2335 4301 2563 4365 citroque
2609 4300 2787 4366 dispu-

442 4385 637 4437 tabitur
672 4388 781 4436 sine
817 4385 921 4435 nlla
958 4386 1197 4436 utilitate.
