3499 5219
1254 395 1827 461 *233*

373 562 652 648 quodam
694 579 997 643 equorum
1041 560 1300 629 fastidio
1343 564 1835 647 contemptuque
1877 564 2191 633 Eetionis·
2212 568 2527 648 quaesivit
2569 567 2712 635 Gal-

369 665 704 730 limachus.
747 662 1154 746 Amphipolis
1182 663 1373 744 661111,
1418 664 1712 730 Eetionis
1734 666 1964 749 patria,
2010 666 2135 735 sita
2161 673 2301 732 erat
2337 668 2407 734 in
2447 669 2710 752 regione

374 766 765 847 Edonorum‚
825 765 934 846 11111
976 765 1128 829 olim
1172 765 1327 831 socii
1345 806 1352 815 ·
1372 771 1437 829 et
1490 766 1684 831 amici
1724 767 1962 832 Priami
2017 787 2159 833 61116
2201 769 2419 836 Rheso
2469 769 2710 836 auxilia

373 869 654 933 tulerant
695 867 1013 932 Troianis.
1077 867 1291 933 Rheso
1334 886 1487 932 vero
1517 885 1708 948 quum
1749 868 1946 934 exitio
1973 869 2243 936 fuissent
2270 871 2418 954 equi
2443 871 2713 956 ipsaque

375 970 527 1035 urbs
556 967 752 1033 Troia
780 986 971 1049 quum
1014 965 1206 1051 capta
1245 975 1418 1033 66661
1459 988 1620 1050 equo
1663 970 1934 1052 troiano,
1979 970 2062 1037 ab
2093 972 2275 1055 Epeo
2317 971 2504 1056 facto,
2548 974 2711 1038 iram

376 1091 559 1139 suam
585 1071 655 1135 in
684 1089 884 1151 equos
911 1070 1286 1152 Epeumque
1316 1070 1507 1135 etiam
1536 1077 1683 1153 post
1707 1077 1807 1135 tot
1831 1073 2089 1137 66661116
2112 1093 2245 1138 1166
2276 1071 2712 1140 dissimulasse

377 1173 732 1252 Rationem,
778 1170 1083 1235 artificem
1124 1170 1335 1254 ipsum
1377 1178 1597 1237 666116
1639 1171 1963 1254 artificem,
2009 1173 2203 1252 {finxit
2243 1182 2455 1260 poeta,
2511 1177 2604 1241 ita
2643 1183 2714 1241 111

377 1275 670 1355 Miccum,
714 1273 821 1355 qui
863 1271 1199 1354 fingendus
1243 1279 1381 1337 erat
1424 1292 1636 1354 eques,
1694 1273 1965 1357 fingeret
2015 1275 2318 1359 peditem.
2405 1276 2715 1356 Quartum

379 1376 552 1441 enim
607 1374 992 1440 versiculum
1049 1374 1142 1440 sic
1203 1380 1356 1457 puto
1409 1374 1818 1440 scribendum
1876 1396 2051 1443 esse:
2106 1369 2292 1460 ἀνδρὶ
2349 1372 2416 1443 δ’
2467 1374 2713 1463 Ἐπειῷ

378 1474 733 1553 θυὶιωθεὶς
778 1473 977 1553 πεζὸν
1019 1470 1183 1553 κάμὲ
1230 1481 1674 1559 amputante.
1766 1478 1934 1542 Nam
1977 1497 2097 1544 nec
2141 1471 2332 1563 ἀνδρὶ
2375 1479 2447 1545 δὲ
2493 1479 2710 1547 ἱππεῖ.

379 1598 502 1646 nec·
558 1572 746 1657 ἀνδρὶ
809 1573 873 1638 d'
937 1575 1218 1660 ἐφίππῳ
1273 1584 1343 1642 111
1398 1578 1512 1642 alii
1565 1580 1933 1661 voluerunt,
1991 1600 2114 1646 1166
2170 1573 2355 1664 ἀνέρι
2399 1575 2464 1643 δ’
2516 1580 2718 1645 ἱππεῖ

383 1679 554 1764 quod
597 1679 868 1745 coniecit
895 1677 1353 1761 Blomfieldius,
1398 1699 1518 1745 1166
1561 1673 1753 1759 ἀνδρὶ
1783 1680 1854 1744 δὲ
1885 1680 2061 1765 πεζῷ
2106 1688 2176 1746 111
2219 1683 2576 1767 suspicatus
2620 1691 2719 1751 est

379 1781 728 1862 1666116166,
773 1779 1172 1846 commodam
1212 1780 1457 1846 habent
1509 1781 2059 1865 significationem·
2091 1790 2202 1848 6111
2242 1785 2524 1867 aliquam
2577 1805 2719 1869 pro·

381 1883 804 1950 habilitatem.
897 1875 1082 1962 Κᾶμέ
1124 1888 1335 1948 antem
1381 1883 1546 1948 dixit
1588 1882 2018 1951 Callimachus
2061 1885 2185 1950 hac
2227 1884 2579 1952 sententia:
2622 1906 2719 1948 ms

383 1987 560 2057 adeo,
606 2003 795 2067 quem
840 1983 1115 2066 equitem
1158 1983 1396 2067 fingere
1428 1984 1724 2066 debebat,
1770 1984 1955 2050 finxit
1995 1986 2297 2069 peditem.
2360 1986 2715 2067 Neminem,

383 2107 604 2173 spero,
660 2087 730 2151 in
784 2087 907 2151 hac
960 2085 1411 2151 emendatione
1465 2086 1749 2152 offendet
1804 2086 2040 2152 dietum
2099 2082 2263 2170 ἀνὴρ
2298 2080 2562 2164 Ἐπειός
2604 2108 2719 2173 pro

379 2182 676 2265 Ἐπειός,
744 2185 922 2252 cuius
987 2186 1142 2276 dicti
1204 2187 1517 2253 rationem
1580 2188 1794 2253 reddit
1848 2189 2213 2255 Lobeckius
2278 2190 2364 2255 ad
2420 2188 2718 2274 Sophocl.

388 2292 489 2356 Ai.
522 2294 666 2355 817.
732 2290 909 2354 Haec
938 2289 1154 2353 omnia
1196 2289 1250 2354 si
1278 2296 1429 2356 sunt
1456 2289 1822 2373 probabilia
1850 2298 2349 2356 consentaneum
2380 2297 2477 2357 est
2506 2291 2717 2370 etiam,

383 2399 455 2459 ut
499 2392 775 2457 diximus
790 2439 810 2472 ,
851 2392 1225 2475 sculptor-em
1281 2390 1479 2456 fuisse
1521 2391 1859 2456 Eetionem
1903 2391 2497 2477 Amphipolitanum
2513 2441 2530 2475 ‚
2591 2412 2723 2458 non

380 2514 805 2581 possessorem
870 2491 1158 2575 aedium,
1242 2491 1413 2575 quod
1477 2494 1817 2559 voluerunt
1879 2494 2168 2579 Heynius
2246 2501 2310 2560 et
2375 2492 2720 2560 Iacobsius.

386 2596 687 2665 Putidum
731 2594 901 2661 enim
943 2593 1168 2661 fuisset
1208 2615 1641 2678 possessorem
1683 2594 1961 2679 aedium,
2021 2595 2076 2663 61
2117 2597 2259 2680 ipse
2301 2596 2420 2662 fuit
2461 2595 2724 2680 Amphi-

388 2700 729 2784 politanus‚
775 2696 1133 2762 taediosum
1162 2716 1467 2781 equorum
1497 2697 1756 2780 fingere,
1802 2718 1994 2780 quum
2022 2719 2263 2782 parens
2287 2699 2443 2781 eius,
2489 2699 2724 2764 Miccus

387 2803 597 2882 116166,
644 2818 806 2882 611116
849 2799 1215 2882 1661616661;
1260 2798 1376 2876 6611
1409 2819 1539 2863 666
1581 2800 1848 2883 illepide
1879 2800 2309 2866 Callimachus
2351 2800 2725 2883 sculptorem

390 2903 724 2969 Eetionem
768 2901 889 2965 1166
932 2899 1147 2965 1661116
1190 2901 1522 2966 laborasse
1566 2908 1827 2984 propter
1869 2903 2116 2985 Epeum
2157 2900 2462 2967 artificem
2503 2895 2727 2967 ludere

390 3004 615 3088 potuit.
2608 3016 2620 3027 ·

562 3103 889 3170 Iacobsius
931 3112 1197 3165 statuam
1240 3103 1453 3168 herois
1493 3102 1689 3169 fuisse
1720 3103 1900 3168 dixit.
1965 3104 2096 3169 Sed
2138 3124 2269 3169 non
2310 3103 2467 3169 satis
2507 3110 2725 3186 aptum

390 3208 616 3273 fuisset
635 3214 901 3268 statuam
930 3223 1170 3289 ponere
1190 3204 1259 3269 in
1276 3204 1419 3288 ipso
1440 3204 1740 3270 vestibuli
1762 3206 2155 3290 hyperthyro
2181 3201 2322 3285 (ἐπὶ
2342 3202 2725 3289 προθύρῳ);

394 3327 591 3392 1111616
634 3308 923 3373 tabulam
965 3305 1406 3390 anaglypham
1448 3305 1645 3372 fuisse
1686 3315 1840 3390 puto
1869 3306 2158 3372 Eetionis
2200 3326 2379 3389 opus.
2453 3308 2729 3372 Tantam

393 3411 564 3477 enim
607 3409 1041 3475 celebritatem
1083 3408 1151 3473 id
1194 3427 1356 3491 opus
1384 3408 1672 3474 Eetionis
1700 3408 2005 3493 adeptum
2037 3429 2178 3474 esse
2206 3407 2459 3473 videtur
2484 3415 2728 3493 postea,

395 3520 496 3593 ut,
555 3509 775 3595 paucis
819 3508 1199 3592 quibusdam
1242 3510 1531 3592 mutatis,
1591 3511 1814 3592 crebra
1859 3509 2219 3576 imitatione
2274 3509 2732 3593 exprimeretur

395 3613 481 3680 ab
527 3613 673 3678 aliis
715 3610 1079 3677 artificibus.
1166 3612 1245 3676 In
1297 3611 1400 3677 his
1453 3612 1917 3680 imitationibus
1969 3619 2225 3696 praeter
2278 3630 2361 3677 ea
2414 3611 2730 3696 exempla,

398 3735 566 3799 quae
623 3713 1019 3795 collegerunt
1073 3713 1651 3780 W-inckelmannus
1707 3716 1877 3780 Mon.
1934 3712 2107 3778 ined.
2162 3711 2236 3778 F.
2280 3712 2454 3795 XX„
2518 3713 2733 3797 Zoega

397 3815 686 3883 Bassiril.
744 3816 905 3880 Tab.
963 3814 1081 3880 XI.
1127 3815 1460 3897 XXXVI„
1519 3816 1634 3880 Ph.
1691 3817 1785 3881 Le
1828 3816 1989 3881 Bas:
2049 3814 2453 3880 Monuments
2510 3814 2734 3880 d’anti-

400 3918 576 4002 quite
604 3916 841 4001 figuree
869 3916 1009 3982 cah.
1041 3917 1127 3981 II.
1171 3937 1234 4001 p.
1269 3918 1391 3999 85„
1436 3916 1775 3983 Welcker:
1817 3915 2222 3982 Denkmaler
2248 3917 2337 3981 ΙΙ.
2364 3936 2428 3999 p.
2461 3920 2586 3982 232
2616 3936 2731 3999 sq„
2794 3949 2801 3955 ·

398 4019 690 4085 tabulam
746 4019 939 4085 etiam
994 4038 1414 4083 marmoream
1431 4063 1450 4100 ‚
1506 4018 1753 4083 diutino
1807 4018 1933 4084 situ
1990 4038 2274 4084 arrosam
2291 4066 2309 4100 ,
2365 4017 2733 4084 habendam

402 4141 544 4189 esse
586 4128 739 4206 puto
771 4141 961 4204 quam
1004 4140 1210 4204 nuper
1236 4119 1508 4186 Athenis
1548 4120 1879 4185 inventam
1923 4119 2029 4185 hic
2069 4120 2352 4203 imagine
2380 4120 2735 4205 exprimen-

403 4223 555 4289 dam
599 4242 741 4289 esse
783 4223 1001 4288 curavi
1055 4222 1403 4289 secundum
1460 4241 1774 4306 gypseum
1832 4215 2161 4305 exemplar
2216 4228 2613 4288 asservatum
2665 4224 2734 4288 in

401 4325 623 4392 Museo
681 4323 940 4390 lenensi
996 4323 1479 4407 archaeologico
1539 4328 1624 4403 (v.
1685 4323 1972 4408 Catalog.
2030 4324 2190 4389 Mus.
2248 4323 2420 4388 arch.
2479 4325 2735 4391 16116116.
