3499 5219
1304 465 1439 473 m-
1526 432 1829 495 93„—

561 598 693 665 Sed
733 600 928 682 longe
970 599 1175 683 magis
1216 598 1286 663 id
1329 599 1540 665 effecit
1582 600 1744 665 illud
1800 600 2009 684 ipsum
2064 599 2508 681 infortunium,
2568 597 2740 682 quod

387 722 432 767 a
474 721 722 766 summo
764 702 1028 766 numine
1071 701 1398 784 sapienter
1438 703 1765 784 provisum
1821 721 1966 768 esse
2007 702 2289 783 videtur,
2354 708 2423 766 ut
2477 701 2735 784 egregia

385 804 510 868 viri
545 804 745 868 virtus
787 804 1164 884 animusque
1207 804 1757 869 constantissimus
1801 811 1865 870 et
1907 823 2059 869 vere
2104 824 2403 870 romanus
2448 823 2524 870 eo
2565 806 2739 869 lucu·

388 906 627 971 lentius
670 911 1073 988 apparerent.
1164 905 1332 969 Nam
1392 912 1585 989 quum
1639 905 1916 972 foederis
1960 906 2371 972 Smalcaldici
2426 907 2739 971 exercitus

389 1016 652 1094 propter
712 1008 976 1072 nimiam
1041 1008 1267 1072 consili
1328 1008 1686 1073 sanctitatis
1751 1007 2047 1073 fiduciam
2102 1045 2189 1054 —
2245 1007 2575 1073 fatendum
2645 1014 2742 1073 est

393 1112 565 1177 enim
606 1111 966 1175 Electorem
1010 1117 1296 1174 nostrum
1341 1110 1565 1176 ducem
1610 1109 1871 1191 quidem
1912 1109 2107 1176 fuisse
2149 1110 2579 1191 fortissimum,
2625 1109 2739 1176 sed

390 1235 522 1279 non
587 1213 740 1277 item
804 1231 1085 1293 gnavum
1149 1212 1598 1295 imperatorem
1664 1246 1744 1256 —
1807 1210 2103 1275 Carolum
2163 1211 2502 1278 Caesarem
2566 1210 2742 1295 apud

392 1313 860 1397 Ingolstadium
906 1315 1265 1397 opprimere
1308 1315 1648 1395 omisisset,
1697 1312 1868 1395 quod
1911 1333 2068 1379 sane
2108 1313 2298 1379 facile
2338 1313 2473 1379 fieri
2514 1314 2740 1397 potuit,

392 1418 449 1483 si
494 1437 572 1481 ea
614 1435 765 1480 usus
812 1422 982 1481 esset
1025 1415 1368 1498 celeritate,
1417 1437 1541 1498 qua
1586 1435 1745 1498 opus
1792 1421 1888 1480 est
1932 1414 2017 1479 ad
2058 1416 2333 1482 bellum:
2379 1416 2609 1481 accidit
2648 1415 2736 1497 id,

393 1516 567 1601 quod
612 1516 887 1582 divinari
930 1524 1209 1600 poterat,
1267 1524 1367 1600 ut,
1414 1525 1738 1584 crescente
1783 1516 2067 1600 quotidie
2108 1519 2297 1601 copia
2336 1518 2740 1583 auxiliarium

394 1619 708 1700 Caesaris,
753 1620 1184 1703 Mauricioque
1228 1621 1419 1684 etiam
1466 1625 1530 1685 et
1572 1620 1839 1684 Alberto
1875 1618 2394 1701 Brandeburgico
2439 1621 2743 1704 capienti-

391 1722 513 1786 bus
558 1741 756 1802 arma,
801 1722 1102 1805 Philippo
1146 1741 1299 1787 vero
1343 1721 1694 1786 Hassorum
1737 1719 2121 1803 landgravio
2165 1742 2206 1786 a
2239 1722 2510 1787 Bavaris
2552 1723 2743 1788 vehe-

389 1830 641 1888 menter
683 1821 937 1905 afflict0,
984 1824 1379 1888 Electorales
1423 1823 1917 1907 reprimerentur
1958 1824 2456 1905 septentrionem
2499 1843 2740 1889 versus.

392 1926 531 1989 Iam
577 1945 652 1989 eo
696 1943 799 1989 res
841 1932 1224 2009 pervenerat
1265 1932 1334 1990 ut
1377 1945 1521 1991 sese
1564 1924 1911 1991 defendere
1942 1932 2317 2007 cogerentur
2347 1926 2738 2008 Evangelici,

394 2048 587 2109 quum
643 2026 863 2109 paullo
920 2034 1071 2092 ante
1127 2025 1362 2091 adoriri
1414 2027 1631 2092 hostes
1691 2027 2050 2109 potuissent
2104 2046 2245 2092 cum
2301 2029 2582 2093 maxima
2625 2047 2741 2112 spe

393 2128 761 2212 superandi.
851 2129 1076 2211 Neque
1131 2128 1200 2193 id
1255 2129 1513 2210 quidem
1567 2136 1700 2192 tum
1756 2127 1907 2192 fecit
1956 2129 2241 2211 Elector,
2297 2136 2396 2211 ut,
2455 2131 2740 2195 collectis

393 2231 614 2313 copiiS,
661 2231 863 2295 aciem
894 2230 979 2294 ad
1009 2230 1419 2312 Vitebergam
1447 2231 1807 2310 instrueret,
1855 2249 1998 2310 quo,
2045 2251 2264 2313 pugna
2306 2253 2436 2302 non
2471 2231 2742 2298 feliciter

395 2332 764 2414 commissa,
824 2339 1131 2413 tanquam
1174 2332 1243 2395 in
1286 2338 1496 2396 castra
1539 2352 1609 2397 se
1650 2331 1937 2413 recipere
1981 2334 2323 2415 potuisset,
2382 2333 2497 2398 sed
2543 2335 2742 2417 expli-

393 2435 523 2499 cuit
577 2434 669 2498 ita
723 2441 794 2498 ut
848 2454 1048 2517 prope
1107 2435 1189 2498 ab
1232 2434 1595 2515 Mulberga,
1660 2433 1968 2516 oppidulo
2026 2441 2248 2516 aperto
2266 2483 2282 2515 ,
2339 2435 2557 2500 fractis
2611 2435 2742 2501 iam

395 2538 629 2602 animis
673 2556 946 2617 suorum,
993 2535 1301 2601 adversos
1344 2535 1563 2600 hostes
1606 2541 1785 2599 trans
1829 2535 2045 2600 Albim
2089 2542 2506 2620 exspectaret.
2587 2538 2743 2601 Erat

392 2641 586 2722 igitur
629 2639 768 2704 dies
813 2639 1151 2720 dominica,
1196 2639 1503 2702 vicesima
1548 2645 1774 2719 quarta
1816 2638 2054 2704 mensis
2083 2639 2324 2722 Aprilis
2353 2638 2507 2703 anni
2541 2637 2744 2704 mille-

394 2741 540 2805 simi
584 2740 1075 2823 quingentesimi
1119 2739 1592 2822 quadragesimi
1647 2740 1933 2822 septimi,
1992 2742 2197 2805 altera
2253 2739 2392 2804 dies
2435 2739 2742 2806 Alliensis

393 2843 607 2907 futura
661 2842 1073 2924 Evangelicis
1089 2891 1105 2924 ,
1165 2862 1355 2922 quum
1412 2842 1616 2924 primo
1672 2860 1865 2905 mane
1921 2861 2003 2906 ex
2057 2840 2331 2907 adversa
2373 2842 2557 2907 Albis
2601 2842 2743 2926 ripa

391 2945 671 3009 fremunt
724 2949 1041 3008 tormenta
1084 2942 1642 3025 Caesarianorum,
1694 2943 2058 3025 militesque
2103 2943 2394 3008 Caesaris
2449 2944 2745 3010 alacriter

395 3045 870 3128 aggrediuntur,
917 3044 1088 3109 Alba
1116 3044 1405 3127 Hispano
1438 3043 1627 3128 duce3
1673 3064 1794 3109 nec
1835 3051 2051 3109 tamen
2094 3045 2270 3127 prius
2313 3045 2381 3108 in
2425 3043 2628 3109 aciem
2671 3064 2741 3110 se

395 3147 709 3231 proripuit
764 3146 1050 3227 Elector,
1110 3167 1300 3228 quam
1345 3146 1545 3211 oratio
1597 3167 1811 3227 sacra,
1872 3147 1973 3210 cui
2015 3146 2417 3211 commodum
2459 3146 2744 3212 interfuit

394 3256 657 3333 propter
701 3247 827 3313 diei
871 3248 1273 3313 sanctitatem
1288 3296 1304 3329 ,
1363 3255 1431 3312 ut
1474 3248 1827 3329 assolebat,
1889 3248 2294 3331 hymnusque
2336 3248 2741 3314 Lutheranus

396 3349 600 3432 „deus
663 3370 779 3414 arx
841 3349 1029 3414 nobis
1094 3348 1497 3415 firmissima“
1560 3349 1646 3414 ad
1700 3349 1892 3415 finem
1952 3369 2151 3432 usque
2205 3355 2496 3415 cantatus
2553 3356 2741 3416 esset.

397 3452 658 3517 Scilicet
700 3452 1082 3535 opinabatur
1124 3472 1194 3517 se
1238 3472 1379 3516 cum
1425 3452 1546 3517 deo
1590 3471 1780 3534 posse
1824 3450 2056 3516 omnia.
2140 3451 2482 3533 Nunquam
2526 3458 2740 3517 autem

398 3555 482 3619 de
525 3554 702 3619 coelo
748 3553 1095 3619 descendet
1136 3554 1260 3618 nisi
1303 3553 1441 3637 ipse
1486 3561 1846 3637 promptam
1888 3574 2149 3618 manum
2193 3560 2258 3619 et
2285 3553 2568 3636 prudens
2598 3574 2744 3618 con-

398 3656 609 3721 silium
654 3655 1039 3720 adhibueris.
1128 3654 1421 3720 Tandem
1480 3676 1670 3738 quum
1725 3656 1903 3721 fusus
1958 3655 2337 3738 fugatusque
2394 3662 2565 3721 esset
2608 3656 2742 3723 eius

397 3757 742 3839 exercitus,
800 3757 941 3839 ipse
984 3757 1241 3822 Elector
1297 3757 1503 3822 noluit
1549 3758 1796 3840 fugere,
1857 3757 1972 3824 sed
2015 3757 2270 3823 adiutus
2315 3757 2549 3840 exigua
2590 3759 2743 3822 ami-

399 3880 613 3923 corum
669 3880 895 3941 manu,
954 3858 1293 3924 fortissime
1337 3879 1479 3923 cum
1520 3860 1797 3925 hostium
1839 3859 2086 3941 ingenti
2127 3879 2393 3924 numero
2437 3858 2739 3924 conflixit.

400 3961 621 4025 Noluit
679 3961 869 4025 etiam
887 4009 903 4042 ,
960 3980 1322 4042 quanquam
1365 3960 1647 4044 undique
1691 3982 1732 4025 a
1777 3960 2179 4026 Caesarianis
2222 3960 2632 4026 circumfusus
2677 3968 2741 4026 et

398 4063 574 4127 mala
626 4062 883 4127 sinistra
938 4051 1496 4129 vehementissime
1550 4063 1920 4128 vulneratus
1963 4064 2046 4127 ab
2089 4062 2396 4144 Hungaro
2442 4062 2738 4144 quodam,

400 4166 675 4248 Iosepho
705 4165 986 4247 Lucano,
1033 4184 1211 4229 arma
1263 4164 1516 4229 tradere
1544 4165 1817 4229 barbaro
1853 4164 2058 4245 militi,
2104 4163 2238 4245 sed,
2285 4184 2476 4246 quum
2504 4184 2742 4246 magna

400 4266 556 4332 voce
612 4265 1032 4331 clamitasset:
1094 4285 1368 4331 nemone
1423 4265 1608 4331 adest
1652 4267 2008 4332 Germanus
2024 4264 2059 4329 ‘?
2114 4265 2375 4330 tandem
2418 4266 2742 4349 captivum

401 4390 470 4436 se
529 4367 776 4435 dedidit
832 4367 1092 4433 'Philoni
1147 4368 1476 4432 Trottavio
1493 4416 1510 4450 ,
1577 4368 1778 4434 nobili
1841 4367 2093 4433 cuidam
2156 4367 2345 4432 militi
2401 4366 2739 4450 Saxonico,
