3499 5219
1689 412 2253 475 ——290—

802 583 1310 668 corruptissimus
1354 580 1437 646 de
1477 578 1914 663 rogationibus
1956 577 2250 644 Liciniis:
2309 576 2479 640 Nom
2529 573 2594 641 G.
2638 574 2952 639 Licinium
3002 572 3145 637 Sto-

806 689 1005 751 lonem
1069 695 1134 747 et
1191 682 1294 747 Cn.
1359 683 1753 746 Tremellium
1816 679 2112 763 Scrofam
2169 680 2344 742 video
2399 680 2643 741 venire:
2715 696 2901 739 unum
2973 677 3143 737 euius

805 791 1075 852 maiores
1117 786 1194 850 de
1234 785 1418 849 modo
1462 784 1607 867 09νί
1646 784 1839 866 1696ηι
1896 783 2188 844 tulerunt.
2276 780 2447 844 Nam
2508 779 2787 844 Stolonis
2844 780 2957 842 illa
3012 778 3143 859 lese,

808 910 967 977 quae
1006 897 1176 951 vetat
1204 888 1353 972 plus
1394 885 1466 949 D
1506 886 1725 967 v'nqera
1768 883 1998 946 habere
2039 884 2229 946 civem
2271 903 2594 947 romanum
2637 892 2703 944 et
2728 882 2840 967 qui
2873 890 3142 965 propter

808 991 1186 1075 dilz’qenliam
1229 989 1510 1051 culturae
1554 985 1882 1050 Stolonum
1927 984 2316 1064 confirmavit
2345 1005 2696 1067 eoqnomzm,
2746 984 2919 1069 quod
2942 984 3143 1045 nullus

804 1095 869 1156 in
936 1098 1067 1155 eius
1109 1089 1327 1173 fundo
1391 1089 1671 1173 reperiri
1723 1097 1985 1171 poterat
2041 1088 2221 1158 stolo,
2291 1087 2462 1171 quod
2518 1085 2860 1169 effodiebat
2914 1086 3147 1147 eircnm

807 1193 1068 1257 arbores
1108 1214 1143 1254 e
1184 1191 1516 1268 radicibuS,
1562 1210 1719 1275 quae
1762 1199 2165 1252 nascerentur
2207 1209 2242 1250 e
2283 1190 2449 1260 solo,
2511 1209 2666 1273 quos
2719 1189 2994 1251 stolones
3034 1209 3147 1271 op-

802 1295 1133 1382 pellebant.
1226 1292 1521 1355 Eiusdem
1565 1292 1814 1374 gener-225
1862 1289 1925 1354 C.
1970 1290 2257 1353 Licinius
2299 1289 2441 1354 trib.
2483 1292 2571 1374 pl.
2620 1311 2754 1351 eum
2800 1299 2965 1352 esset
3000 1299 3143 1373 post

717 1477 720 1479 ‚
806 1418 986 1480 reyes
1029 1405 1287 1458 eoeaetos
1331 1396 1508 1457 anuis·
1556 1391 1842 1457 CCCLX
1853 1393 1913 1454 V
1933 1393 1986 1470 ²)
2037 1395 2279 1477 primus
2327 1394 2626 1477 populum
2683 1392 2769 1455 ad
2820 1394 2988 1475 leqes
3043 1413 3144 1453 ae-

806 1498 1127 1583 eipz’undas
1182 1499 1244 1559 in
1299 1506 1531 1579 septem
1594 1496 1810 1577 iuqero
1848 1493 2153 1577 forensia
2208 1515 2243 1556 e
2298 1495 2546 1556 comitio
2621 1494 2938 1570 edua-13⁸).
3028 1493 3151 1558 Hic

804 1602 982 1667 locus
1038 1621 1168 1665 non
1225 1619 1355 1663 una
1408 1604 1591 1681 parte
1644 1598 1899 1662 laborat
1964 1597 2544 1662 vehementissime.
2631 1597 2911 1660 Primum
2978 1596 3149 1661 enim

807 1702 890 1767 de
934 1702 1182 1766 duobus
1225 1700 1517 1781 Liciniis,
1564 1705 1634 1763 ut
1675 1697 1997 1764 videbitur
2050 1700 2320 1781 primum
2364 1698 2881 1781 inspicientibus,
2939 1718 3145 1763 sermo

807 1809 922 1885 est,
969 1823 1116 1886 unc,
1162 1802 1269 1885 qui
1311 1821 1482 1866 anno
1513 1799 1592 1866 U.
1626 1799 1694 1870 C.
1727 1798 2298 1865 CCCLXXXVIII
2337 1802 2517 1883 leges
2545 1800 2825 1864 Licinias
2868 1799 3147 1882 pertulit,

807 1906 1010 1969 altero
1055 1903 1271 1969 nescio
1316 1922 1439 1985 quo
1496 1909 1705 1968 terrae
1759 1901 1920 1984 filio,
1987 1902 2094 1985 qui
2150 1922 2322 1967 anno
2375 1901 2454 1968 U.
2515 1901 2582 1967 C.
2627 1900 2939 1966 DCVIIII
2983 1906 3151 1985 (post

806 2026 991 2089 reges
1035 2011 1295 2070 exactos
1339 2003 1632 2079 OCGLV)
1677 2003 1764 2068 ad
1807 2004 2048 2069 similes
2089 2003 2453 2086 rogationes
2496 2004 2905 2088 accipiendas
2952 2023 3149 2086 popu-

806 2108 940 2172 lum
998 2106 1389 2190 permovisse
1444 2104 1727 2188 videtur3
1795 2104 2032 2171 deinde
2086 2115 2317 2189 septem
2377 2108 2593 2189 iuqera
2629 2107 2933 2189 forensia
2989 2125 3151 2189 quae

809 2209 1105 2273 dicuntur
1134 2227 1325 2273 sensu
1353 2227 1611 2291 prorsus
1640 2213 1878 2288 carent,
1923 2213 2057 2270 tum
2101 2228 2142 2272 a
2185 2226 2478 2273 sermone
2508 2208 2813 2273 Varronis
2850 2207 3156 2273 abhorret.

806 2309 1003 2375 illud:
1061 2330 1202 2372 nam
1262 2308 1540 2401 &olor-1225
1591 2308 1709 2374 illa
1763 2308 1901 2390 leX,
1962 2330 2121 2394 quoe
2163 2344 2247 2356 —
2292 2319 2357 2371 et
2407 2311 2543 2393 qm‘:
2599 2317 2731 2374 tum
2788 2310 3149 2375 inauditum

810 2409 1161 2491 Quiritibus
1207 2417 1304 2477 est
1346 2409 1516 2493 quod
1559 2411 1664 2475 hic
1705 2411 1968 2493 legitur:
2013 2410 2100 2474 ad
2142 2410 2321 2493 leges
2364 2412 2779 2494 accipiundas
2811 2414 2875 2474 in
2920 2422 3151 2496 septem

810 2514 1045 2595 iuqera.
1135 2512 1334 2590 Quasi
1375 2532 1656 2594 unquam
1698 2512 1821 2577 hac
1863 2512 2337 2595 praepositione
2375 2512 2469 2578 ita
2511 2514 2608 2578 usi
2653 2520 2868 2580 essent
2907 2514 3153 2579 Latini!

812 2616 981 2681 Nam
1035 2614 1207 2696 quod
1250 2615 1637 2680 Niebuhrius
1694 2615 1796 2690 (H.
1841 2617 1917 2679 R.
1964 2618 2039 2679 T.
2098 2616 2150 2680 I.
2205 2637 2268 2699 p.
2328 2620 2471 2680 471.
2526 2615 2627 2681 ed.
2684 2617 2830 2694 III.)
2889 2618 3157 2682 contulit

813 2736 895 2782 ex
937 2716 1121 2781 Livio
1165 2716 1493 2796 XXXIII,
1542 2720 1642 2781 30.
1695 2737 1836 2800 pax
1895 2717 2040 2779 data
2096 2721 2158 2778 in
2214 2717 2328 2779 has
2384 2719 2549 2800 loyes
2590 2720 2784 2801 longe
2830 2718 3150 2784 diversum

814 2823 930 2883 est.
1018 2816 1313 2900 Denique
1357 2817 1509 2900 quid
1553 2824 1649 2883 est
1691 2816 1855 2882 illud
1899 2839 1934 2880 e
1988 2820 2235 2882 comitio
2287 2819 2505 2882 eduxit
2538 2818 2880 2904 populum?
2951 2820 3153 2899 Quem

814 2939 939 3001 quo
970 2918 1279 2984 deduxit?
1337 2919 1414 2984 In
1442 2919 1779 2985 forumne‘?
1836 2920 1915 2984 In
1945 2939 2237 3004 campum
2268 2922 2610 2987 Martium?
2668 2921 2838 3000 Quid
2881 2921 3155 2987 tribunis

811 3020 1021 3104 plebis
1052 3040 1191 3085 cum
1222 3022 1522 3086 comitio?
1567 3021 1744 3086 Nihil
1776 3041 1857 3086 ex
1885 3022 1986 3088 his
2015 3024 2309 3089 omnibus
2331 3023 2484 3106 quid
2512 3023 2594 3088 sit
2619 3023 2895 3105 intelligi
2924 3030 3155 3106 potest.

984 3121 1231 3187 Primus
1286 3122 1404 3187 fuit
1457 3124 1611 3188 Aus.
1666 3123 1942 3206 Popma,
2017 3124 2124 3206 qui
2181 3125 2530 3189 Varronem
2597 3126 2799 3190 altero
2865 3127 3007 3191 loco
3073 3125 3159 3191 de

816 3222 884 3288 C.
914 3223 1160 3288 Licinio
1190 3223 1472 3305 Stolone,
1518 3225 1718 3290 altero
1765 3224 1847 3290 de
1876 3223 1944 3290 C.
1975 3226 2221 3291 Licinio
2252 3225 2480 3291 Crasso
2524 3227 2852 3309 scripsisse
2895 3227 3157 3309 diceret,

816 3345 1080 3407 quorum
1123 3324 1239 3389 ille
1281 3326 1552 3407 primum
1596 3346 1637 3391 a
1666 3326 1744 3391 U.
1796 3325 1862 3391 O.
1897 3326 2401 3393 CCCLXXVIII
2444 3329 2732 3394 tribunus
2775 3330 2985 3412 plebis
3013 3328 3157 3410 fuit,

951 3594 987 3658 ¹)
1034 3594 1109 3643 Pl.
1146 3596 1382 3645 Licinius
1419 3595 1560 3646 Stolo
1598 3596 1730 3646 Plin.
1768 3597 1839 3647 H.
1875 3598 1937 3646 N.
1973 3595 2142 3658 XVII,
2186 3600 2225 3648 l.
2278 3596 2473 3657 XVIII,
2511 3599 2598 3649 31
2696 3597 2735 3658 ²)
2782 3599 2912 3649 Hier
2958 3600 3027 3648 ist
3072 3598 3158 3648 die

817 3679 1083 3743 Jahrzahl,
1131 3681 1225 3730 wie
1256 3680 1398 3746 jeder
1434 3681 1593 3743 sicht,
1643 3686 1866 3746 corrupt.
1934 3681 2157 3732 Niebuhr
2190 3681 2258 3732 Η.
2295 3683 2356 3733 Β.
2396 3682 2450 3731 T.
2488 3684 2530 3733 I.
2566 3699 2615 3748 p.
2655 3686 2769 3734 471.
2807 3683 2884 3734 ed.
2921 3685 3018 3733 III.

817 3763 855 3828 3)
890 3764 965 3813 De
999 3764 1094 3814 hoc
1128 3764 1241 3815 loco
1275 3765 1585 3815 Niebuhrius
1623 3765 1680 3818 Τ.
1716 3767 1786 3815 ΙΙ.
1833 3782 1882 3831 p.
1925 3768 2038 3817 399.
2077 3766 2150 3815 ed.
2189 3782 2266 3830 pr.
2302 3767 2401 3816 ita:
2450 3768 2657 3829 „Varro
2694 3770 2753 3819 de
2787 3788 2839 3819 re
2873 3781 2986 3819 rust.
3025 3770 3069 3829 I,
3105 3770 3155 3819 2.

819 3849 924 3899 und
961 3848 1224 3900 Columella
1258 3851 1304 3908 I,
1340 3853 1386 3902 3.
1423 3853 1645 3902 scheinen
1681 3853 1819 3902 einen
1854 3869 1958 3901 vom
2000 3851 2314 3917 Gesetzqeber
2347 3853 2716 3903 verschiedenen
2757 3853 2944 3903 Tribun
2987 3854 3036 3905 C.
3067 3855 3153 3904 Li-

820 3934 976 3984 cinius
1012 3932 1149 3983 Stolo
1199 3935 1275 3984 als
1319 3936 1737 3987 Ackervertlteiler
1785 3954 1850 3985 an
1898 3936 1989 3986 das
2036 3936 2161 3987 Volk
2207 3957 2265 3987 zu
2313 3938 2511 3987 meinen.
2579 3937 2723 3987 Docla
2769 3938 2973 3989 Varro’s
3006 3940 3159 3990 Stelle

819 4020 883 4069 ist
915 4036 970 4068 so
1005 4019 1106 4083 ties
1128 4020 1229 4084 auf
1252 4021 1344 4069 den
1387 4020 1566 4071 G'rund
1597 4022 1879 4081 verdorben,
1917 4022 1995 4071 die
2029 4020 2316 4088 Erklc'z'runy
2350 4040 2443 4072 von
2479 4022 2583 4071 dem
2625 4022 2675 4072 C.
2701 4022 2924 4075 Licinius
2953 4022 3158 4075 Crassus

820 4104 898 4153 ein
932 4120 986 4152 so
1023 4103 1441 4169 handyrezfliclzer
1474 4104 1703 4165 Irrtlmm,
1742 4106 1861 4155 dass
1896 4124 1987 4155 nur
2020 4106 2347 4155 Emendation
2384 4104 2510 4156 Sinn
2545 4107 2764 4171 sehaff'en
2799 4108 2946 4157 kann.
3016 4108 3154 4158 Colu-

820 4186 965 4236 mella
1006 4189 1125 4237 aber
1152 4189 1216 4237 ist
1249 4188 1335 4237 der
1376 4187 1658 4239 Geschichte
1704 4208 1758 4239 so
1804 4190 2082 4256 unkundiq,
2133 4191 2251 4240 dass
2299 4208 2351 4241 er
2399 4191 2478 4241 die
2524 4202 2647 4241 erste
2680 4192 3159 4258 Ackervertheiluny,

820 4272 1049 4322 wodurch
1097 4273 1184 4323 der
1220 4270 1376 4322 Senat
1421 4273 1545 4322 nach
1594 4274 1680 4323 der
1731 4273 2061 4341 Verbannunq
2110 4276 2197 4325 der
2241 4274 2440 4341 Koniye
2488 4276 2580 4325 das
2628 4276 2750 4326 Volk
2800 4296 2860 4327 zu
2908 4277 3161 4343 yewinnen

818 4356 997 4416 auchie,
1052 4357 1199 4407 einem
1244 4356 1633 4420 Volkstribunen,
1682 4359 1788 4409 dem
1823 4358 2060 4421 Licinius,
2106 4360 2429 4410 zuschreibt.“
