3499 5219
1709 414 2234 477 —94—

791 598 833 644 a
875 602 1017 663 quo,
1063 583 1202 665 ipse
1244 580 1507 666 grandis
1551 586 1616 648 et
1658 582 1950 648 excelsus
1989 589 2250 662 statura,
2295 582 2528 665 grandi
2557 583 2750 649 etiam
2779 587 2845 648 et
2872 582 3137 648 robusto

792 703 955 766 equo
997 691 1216 750 vectus
1260 684 1542 750 Frisiaco
1556 732 1573 765 ,
1632 703 1758 766 quo
1801 684 1892 748 uti
1936 685 2185 751 solebat
2225 686 2294 749 in
2336 685 2511 751 bello
2525 733 2541 766 ,
2587 683 2836 751 sudoris
2881 691 2949 750 et
2990 705 3138 749 san·

789 787 1000 868 guinis
1055 787 1286 870 plenus
1343 785 1653 851 deductus
1714 792 1815 852 est
1867 786 1954 852 ad
1998 786 2356 853 Caesarem.
2444 788 2539 852 Ac
2594 806 2787 869 quum
2843 787 3008 851 nihil
3051 788 3137 852 sit

751 870 1303 954 xhonorificentius
1360 908 1550 970 quam
1603 888 1855 953 laudari
1910 888 1993 953 ab
2037 889 2250 971 hoste,
2309 908 2543 972 operae
2596 888 2870 971 pretium
2925 895 3022 954 est
3063 889 3131 953 in

789 992 1160 1056 memoriam
1202 989 1402 1057 Vobis
1442 1008 1772 1072 revocare,
1819 991 2170 1072 auditores,
2229 1010 2394 1073 quae
2434 991 2559 1055 hac
2601 990 2755 1056 data
2798 991 3136 1056 occasione

787 1092 1052 1158 tradidit
1106 1093 1341 1158 nobilis
1393 1091 1587 1158 italus
1642 1093 1938 1175 scriptor,
1997 1112 2272 1158 coaevus
2329 1093 2669 1174 Electoris,
2730 1091 2947 1175 Scipio
3002 1092 3132 1156 Ad-

788 1195 1051 1260 miratus
1092 1195 1159 1260 in
1204 1194 1670 1260 commentariis
1712 1194 1798 1259 ad
1832 1196 2156 1260 Tacitum:
2204 1194 2482 1275 „Verum
2526 1200 2641 1274 est,
2687 1194 2912 1276 inquit,
2960 1194 3133 1276 quod

787 1296 1111 1363 Saxoniae
1155 1296 1313 1378 dux,
1371 1295 1816 1363 IOHANNES
1857 1295 2373 1362 FRIDERICVS
2415 1295 2766 1378 perdiderit
2808 1297 3132 1361 Electora-

785 1406 919 1464 tum
975 1405 1038 1465 et
1089 1419 1390 1481 magnam
1446 1405 1756 1464 terrarum
1812 1419 2069 1465 suarum
2124 1404 2375 1481 partem
2428 1403 2691 1481 propter
2738 1398 3129 1481 denegatum
3257 1435 3260 1439 ⁴

786 1500 1015 1566 Carolo
1058 1501 1277 1582 quinto
1322 1501 1727 1583 obsequium:
1786 1500 1904 1565 sed
1957 1520 2283 1583 nunquam
2333 1499 2662 1565 hominum
2705 1499 2960 1566 excidet
3001 1520 3131 1566 me·

783 1603 985 1667 moria
1039 1603 1441 1669 nobilissima
1495 1603 1714 1684 magni
1755 1602 2060 1684 sortisque
2101 1602 2300 1667 animi
2344 1601 2803 1668 demonstratio
2821 1651 2837 1683 ,
2900 1623 3044 1667 cum
3086 1623 3128 1667 a

785 1703 1011 1770 Carolo
1068 1712 1292 1789 captus
1349 1711 1414 1770 et
1465 1705 1534 1769 in
1589 1710 2001 1787 conspectum
2051 1704 2189 1770 eius
2243 1704 2560 1770 adductus
2613 1711 2919 1788 tanquam
2962 1706 3132 1771 alter

781 1806 1013 1888 Porus,
1075 1808 1177 1873 cui
1217 1806 1659 1889 magnitudine
1703 1805 1983 1889 corporis
2027 1813 2092 1871 et
2134 1806 2332 1870 animi
2375 1807 2552 1871 haud
2592 1807 2862 1871 multum
2908 1807 3126 1891 dispar

782 1915 938 1989 erat,
983 1909 1165 1973 illum
1208 1914 1481 1990 rogaret,
1528 1913 1613 1987 ut,
1660 1906 1962 1990 quoniam
2006 1908 2297 1991 captivus
2327 1908 2463 1974 eius
2498 1915 2683 1989 esset,
2729 1909 3128 1975 meminisset

778 2012 989 2094 ipsum
1053 2018 1122 2075 ut
1181 2010 1534 2093 principem
1595 2009 1857 2091 Imperii
1920 2015 2222 2089 tractare,
2292 2009 2409 2075 sed
2472 2029 2695 2076 severe
2754 2010 3121 2093 increpituS,

781 2117 972 2196 caput
1030 2112 1286 2195 proprio
1350 2117 1525 2176 motu
1590 2116 1816 2193 tegens
1878 2111 2069 2193 galea
2084 2158 2101 2191 ,
2176 2111 2464 2177 animose
2534 2111 2983 2195 responderet,
3053 2112 3123 2176 in

780 2214 1188 2297 Imperatoris
1258 2213 1590 2278 voluntate
1661 2231 1804 2278 esse
1875 2212 2151 2295 positum
2167 2261 2183 2294 ,
2259 2234 2400 2278 cum
2473 2214 2612 2296 ipso
2685 2233 2878 2295 agere
2951 2214 3123 2296 quod

778 2316 1058 2396 luberet,
1124 2335 1193 2380 se
1234 2315 1303 2379 in
1344 2314 1546 2398 ipsius
1590 2333 1731 2379 esse
1774 2315 2089 2380 manibus.
2179 2315 2542 2380 Notabilius
2596 2315 2895 2398 apparuit
2951 2316 3119 2399 quod

777 2418 997 2484 mortis
1037 2424 1241 2498 metu,
1299 2417 1355 2482 si
1397 2415 1809 2498 Vitebergam
1853 2438 1983 2481 non
2030 2416 2324 2499 dederet,
2383 2416 2755 2482 terrefactus
2770 2465 2786 2498 ,
2847 2416 3121 2483 diceret:

777 2540 908 2584 non
952 2539 1111 2602 opus
1152 2537 1295 2584 esse
1337 2523 1407 2582 ut
1449 2517 1572 2583 sibi
1613 2524 1821 2583 metus
1863 2519 2266 2601 incuteretur,
2314 2518 2648 2601 siquidem,
2694 2520 2825 2585 etsi
2867 2519 3118 2584 fortuna

777 2642 848 2687 se
890 2622 957 2686 in
1002 2621 1292 2686 Caesaris
1335 2626 1716 2703 potestatem
1762 2622 2168 2703 coniecisset,
2224 2642 2355 2686 non
2408 2628 2623 2687 tamen
2668 2621 2793 2686 sibi
2834 2622 3116 2687 animum

776 2724 964 2789 simul
1020 2723 1336 2803 ablatum,
1397 2742 1584 2805 quem
1639 2724 1721 2788 ab
1782 2723 2075 2788 omnibus
2131 2722 2462 2789 affectibus
2504 2724 2801 2789 humanis
2844 2723 3117 2789 liberum

775 2825 1093 2891 retineret.
1181 2825 1465 2889 Maxima
1506 2844 1662 2908 prae
1705 2825 1931 2890 ceteris
1974 2823 2399 2909 admiratione
2443 2824 2707 2907 dignum
2751 2832 3111 2908 annotatur,

775 2925 963 3009 quod,
1023 2927 1346 3008 praelecta
1400 2927 1524 3010 ipsi
1577 2927 1799 2991 mortis
1854 2926 2173 2991 sententia
2186 2974 2202 3007 ,
2260 2926 2505 2990 vultum
2561 2926 2723 3004 nihil
2774 2929 3119 2993 mutaverit

773 3036 867 3111 et,
924 3026 1190 3094 adiectis
1232 3027 1611 3111 quibusdam
1652 3047 1808 3092 vere
1849 3028 2121 3093 heroicis
2167 3027 2352 3092 dictis
2366 3076 2382 3109 ,
2429 3030 2768 3094 Ernestum
2814 3030 3112 3095 Brunsvi-

773 3149 1030 3196 censem
1090 3129 1316 3195 ducem
1381 3129 1820 3194 sollicitaverit
1890 3129 1977 3194 ad
2039 3130 2549 3213 persequendum
2612 3131 3108 3195 latrunculorum

772 3232 991 3297 ludum
1034 3232 1134 3297 his
1178 3231 1422 3297 verbis:
1467 3233 1820 3314 Pergamus
1861 3232 2053 3313 igitur
2070 3231 2130 3295 l“

940 3335 1166 3415 Itaque
1226 3352 1396 3399 nunc
1451 3353 1644 3416 quum
1700 3333 1876 3398 solus
1932 3338 2102 3398 esset
2161 3339 2224 3398 et
2279 3333 2363 3398 ab
2421 3333 2712 3399 omnibus
2768 3333 3111 3400 derelictus

771 3436 878 3517 qui
920 3437 1019 3500 vir
1060 3442 1231 3501 esset
1273 3435 1588 3517 apparuit.
1677 3434 1892 3500 Secuti
1949 3434 2120 3499 enim
2175 3441 2323 3499 sunt
2378 3435 2655 3517 quinque
2707 3435 2863 3500 anni
2907 3443 3109 3501 custo-

772 3537 917 3603 diae
977 3537 1318 3618 Electoris,
1394 3536 1620 3618 quibus
1691 3537 2014 3619 egregiam
2087 3536 2283 3601 animi
2355 3536 2774 3602 constantiam
2842 3544 2907 3602 et
2970 3558 3109 3621 per-

768 3640 1194 3705 severantiam
1251 3638 1647 3703 monstravit.
1734 3639 1829 3702 Ac
1883 3638 2155 3721 primum
2212 3637 2466 3720 quidem
2523 3658 2713 3720 quum
2759 3637 2996 3703 Caesar
3037 3640 3104 3703 in

766 3741 1138 3806 Mauricium
1182 3741 1424 3805 Ducem
1481 3760 1715 3822 magno
1766 3747 2081 3823 apparatu
2124 3747 2189 3805 et
2229 3739 2475 3821 ingenti
2515 3760 2753 3823 pompa
2797 3740 3104 3805 Electoris

767 3842 1143 3924 dignitatem
1158 3891 1174 3924 ,
1263 3863 1388 3925 qua
1465 3842 1774 3925 spoliatus
1847 3847 1984 3906 erat
2053 3839 2494 3907 IOHANNES
2567 3840 3106 3924 FRIDERIOVS,

765 3943 1094 4026 Augustae
1136 3945 1612 4011 Vindelicorum
1654 3943 2055 4024 transferret,
2115 3943 2324 4009 iussus
2380 3950 2505 4024 est,
2566 3948 2871 4025 tanquam
2915 3944 3107 4009 inter-

763 4052 1066 4128 mortuus,
1112 4046 1456 4112 sectionem
1499 4045 1875 4112 hereditatis
1919 4063 2091 4126 suae,
2138 4050 2208 4108 ut
2250 4044 2683 4128 spectaculum
2723 4044 2792 4108 in
2830 4045 3099 4126 theatro,

763 4147 1200 4231 contemplari.
1302 4146 1487 4226 Quod
1541 4148 1691 4214 fecit
1742 4147 1856 4213 ille
1907 4146 2252 4228 tranquillo
2308 4147 2523 4211 animo
2579 4152 2643 4212 et
2697 4146 2876 4211 velut
2921 4147 3101 4212 aliud

762 4268 981 4331 agens.
1079 4249 1314 4314 Postea
1365 4268 1517 4314 vero
1532 4298 1548 4331 ‚
1613 4249 1697 4314 ab
1757 4247 1983 4314 eodem
2041 4247 2316 4315 Caesare
2376 4248 2748 4314 sollicitatus
2763 4296 2780 4330 ,
2849 4255 2920 4313 ut
2982 4270 3101 4332 pro

760 4351 1138 4432 Augustana
1167 4348 1581 4433 confessione,
1628 4351 1727 4415 cui
1770 4350 1881 4414 uni
1924 4370 1995 4416 se
2038 4348 2393 4432 addixerat,
2440 4349 2888 4433 temporariam
2915 4352 3103 4417 illam
