3499 5219
1265 409 1833 474 —283-—

375 581 639 667 thoepia
681 580 873 663 igitur
914 598 1151 643 novum
1181 577 1372 643 etiam
1416 585 1699 661 systema
1737 599 2031 661 generum
2076 580 2529 648 vocabulorum
2574 604 2719 651 con·

374 683 559 766 didit,
614 682 695 747 de
738 701 861 764 quo
906 679 1133 744 mirum
1178 679 1499 761 quoddam
1545 681 1910 763 exemplum
1964 681 2275 748 indicavit
2317 683 2714 768 Aristoteles,

375 786 479 852 cui
523 805 594 861 se
624 781 1091 867 quodammodo
1136 780 1557 848 adstrinxisse
1600 781 1926 848 Socratem
1955 784 2419 868 Aristophanes
2461 785 2716 853 videtur

375 888 667 973 prodere,
713 885 895 966 quasi
937 885 1207 967 alterum
1251 883 1320 948 in
1362 885 1780 965 grammatica
1820 905 2054 966 graeca
2095 887 2508 969 Protagoram
2527 889 2588 965 ¹).
2646 890 2716 956 Si

374 989 518 1072 quis
574 986 933 1052 meminerit
976 985 1383 1050 Aristotelem
1439 985 1507 1049 in
1563 986 1702 1050 loco
1760 987 2167 1052 elenchorum
2225 989 2713 1072 sophisticorum

373 1088 442 1156 id
486 1089 657 1172 quod
702 1086 1087 1165 σολοικίζειν
1133 1093 1326 1152 antea
1370 1085 1622 1152 dixerat
1663 1093 1892 1171 postea
1934 1089 2127 1153 etiam
2170 1091 2713 1172 βαρβαρίζειν

375 1193 725 1276 appellare,
772 1187 1079 1254 concedet
1130 1188 1401 1254 fortasse
1444 1188 1771 1255 Socratem
1825 1189 1999 1273 apud
2040 1192 2375 1258 Platonem
2433 1194 2755 1279 (Protag.‘

377 1316 440 1379 p.
489 1299 607 1359 341
672 1287 1009 1370 ὀνειδίζειν
1054 1293 1147 1374 τῷ
1193 1292 1505 1373 Πιττακῷ
1565 1285 1668 1353 ὅτι
1728 1288 1811 1354 τὰ
1858 1285 2148 1371 ὀνόματα
2208 1287 2323 1357 οὐκ
2380 1288 2711 1378 ἠπίστατο

379 1391 606 1478 ὀρθῶς
639 1395 917 1475 διαιρεῖν
951 1386 1066 1456 ἅτε
1096 1397 1395 1474 Λέσβιος
1426 1385 1515 1456 ὧν
1546 1389 1654 1456 καὶ
1687 1391 1755 1457 ἐν
1787 1394 1974 1480 φωνῇ
2002 1390 2385 1480 βαρβάρῳ
2417 1402 2703 1480 τεθραμ-
2817 1440 2822 1446 -

374 1503 589 1579 μένος,
639 1503 702 1562 et
744 1517 806 1581 p.
854 1500 998 1561 344.
1044 1494 1153 1559 ubi
1196 1494 1278 1560 (le
1322 1493 1668 1560 Simonidis
1724 1495 1972 1560 cantico
2029 1495 2260 1562 dicitur
2305 1491 2410 1561 ὅτι
2454 1499 2705 1576 παντὸς

376 1597 627 1678 μᾶλλον
674 1594 1000 1679 ἔλεγχός
1047 1594 1187 1660 ἐστι
1229 1598 1346 1660 τοῦ
1378 1599 1778 1660 Πιττακείου
1812 1594 2101 1681 ῥήματος
2138 1596 2251 1663 διὰ
2296 1598 2548 1677 παντὸς
2591 1605 2709 1665 τοῦ

374 1698 695 1787 ᾄσματος)
730 1700 1014 1765 indicare
1041 1696 1324 1763 voluisse
1353 1717 1424 1764 se
1451 1698 1856 1780 Protagoreis
1886 1698 2080 1765 armis
2110 1699 2415 1767 dimicare
2444 1704 2709 1769 nescire.

376 1804 685 1870 Similiter
725 1800 1056 1866 Demosth.
1101 1797 1208 1864 Or.
1238 1800 1290 1864 Ι.
1336 1806 1557 1864 contra
1586 1800 1809 1883 Steph.
1854 1821 1917 1884 p.
1955 1806 2135 1867 1110.
2180 1796 2367 1883 ὑμεῖς
2413 1797 2477 1867 δ’
2515 1797 2710 1867 αὐτὸν

371 1901 801 1997 ὑπειλήφατε.
838 1897 942 1966 ὅτι
987 1899 1337 1979 σολοικίζει
1381 1903 1458 1987 τῇ
1506 1904 1712 1985 φωνῇ,
1774 1900 2107 1985 βάρβαρον
2152 1906 2256 1969 καὶ
2305 1898 2711 1990 εὐκαταφρό-

375 2029 568 2086 νητον
616 2000 783 2071 εἶναι
829 2012 892 2071 et
933 2006 1009 2069 A.
1056 2003 1304 2068 Gellius
1348 2004 1427 2067 N.
1471 2004 1549 2068 A.
1596 2003 1671 2085 V,
1719 2007 1833 2070 20:
1878 2003 2048 2067 Nam
2090 2007 2252 2068 sicut
2290 2005 2710 2091 βάρβαρον

375 2113 465 2172 ita
513 2106 906 2173 σόλοικον
953 2106 1269 2169 daz-erunt.

542 2212 770 2293 Neque
812 2210 999 2274 aliter
1043 2205 1388 2290 Dionysius
1423 2207 2012 2274 Halicarnassensis
2057 2209 2257 2274 sensit
2301 2209 2384 2274 de
2428 2231 2706 2295 compos.

373 2313 711 2379 verborum
770 2331 832 2394 p.
884 2313 1027 2377 126.
1071 2308 1326 2392 Reisk.;
1384 2304 1839 2391 βαρβαρισμόν
1897 2311 2068 2376 enim
2119 2331 2249 2375 non
2296 2311 2626 2395 distinguit
2669 2335 2709 2379 a

373 2415 813 2497 σολοικισμῷε
860 2408 1193 2495 βάρβαρον
1242 2405 1303 2473 δ’
1371 2408 1528 2491 ἐβόα
1574 2409 1902 2491 δεσπότην
1958 2413 2067 2476 καὶ
2125 2411 2454 2477 ἱκετεύων·
2515 2415 2708 2497 γελᾶν

373 2517 445 2581 δὲ
493 2511 528 2580 ὁ
576 2512 998 2593 σολοικισμὸς
1042 2516 1246 2591 ποιεῖ,
1294 2533 1485 2595 quum
1529 2514 1597 2577 in
1641 2515 1868 2580 ceteris
1914 2524 2038 2598 (ep.
2069 2515 2156 2579 II.
2188 2513 2274 2579 ad
2304 2516 2709 2582 Ammonium

373 2620 458 2686 de
501 2617 883 2702 Thucydide
926 2637 988 2699 p.
1038 2620 1191 2700 7923
1235 2636 1298 2699 p.
1346 2618 1468 2681 868
1513 2615 1596 2681 de
1639 2617 1789 2681 Din.
1835 2638 1898 2701 p.
1946 2622 2069 2683 645
2116 2618 2198 2683 de
2241 2618 2531 2703 Thucyd.
2576 2620 2707 2685 iud.

371 2744 438 2807 p.
487 2726 656 2798 885.)
701 2717 1227 2802 significationem
1275 2717 1699 2800 σολοικισμοῦ
1745 2726 1916 2785 recte
1958 2720 2247 2785 retineat.

546 2823 791 2888 Eodem
846 2820 1037 2885 modo
1093 2821 1361 2903 scriptor
1418 2840 1604 2902 quem
1662 2827 1810 2903 post
1851 2822 2256 2887 Ammonium
2312 2820 2515 2887 edidit
2559 2822 2710 2888 Val-

368 2926 717 2992 ckenarius
782 2944 845 3007 p.
910 2926 1049 2987 192.
1110 2924 1363 3004 λέγεται
1421 2921 1493 2987 δὲ
1552 2919 1974 3002 σολοικισμὸς
2030 2921 2176 2988 ἐπεὶ
2238 2921 2541 2987 σόλοικον
2600 2927 2703 2988 καὶ
2816 2965 2821 2968 -

374 3027 710 3111 βάρβαρον
755 3025 869 3109 τὴν
915 3021 1268 3109 προφορὰν
1328 3023 1474 3103 ἔχει,
1524 3022 1866 3099 σολοίκους
1924 3024 1996 3090 δὲ
2041 3024 2260 3107 ἔλεγον
2318 3023 2382 3088 οἱ
2427 3026 2704 3089 παλαιοὶ

374 3131 527 3206 τοὺς
570 3128 976 3213 βαρβάρους;
1037 3146 1243 3208 neque
1285 3126 1550 3191 Photius
1591 3126 1748 3191 Lex.
1809 3127 1881 3203 (s.
1928 3124 2152 3203 Σόλοι)
2214 3126 2601 3205 σολοικίζειν
2645 3134 2708 3193 et

368 3229 789 3318 βαρβαρίζειν
862 3229 1169 3295 distinxit.
1272 3229 1349 3292 In
1414 3227 1780 3293 universum
1848 3235 2061 3292 autem
2116 3229 2526 3312 Protagorae,
2601 3230 2709 3312 qui

371 3336 616 3419 primus
656 3334 725 3397 in
753 3332 874 3396 hac
916 3351 985 3397 re
1027 3351 1178 3396 usus
1208 3337 1304 3395 est
1330 3331 1681 3391 soloecismi
1702 3329 2037 3412 vocabulo,
2082 3350 2193 3396 eos
2225 3329 2710 3408 σολοικίζοντας

376 3438 812 3503 demonstrare
854 3433 1057 3497 voluit
1100 3433 1225 3516 qui,
1285 3432 1543 3514 ignaros
1584 3432 2010 3513 Protagoreae
2055 3431 2424 3515 orthoepiae
2439 3478 2456 3513 ,
2515 3452 2707 3515 quum

373 3560 507 3605 non
536 3538 691 3603 satis
719 3553 948 3618 graece
992 3534 1154 3600 scire
1181 3533 1552 3598 viderentur
1594 3552 1677 3598 ne
1705 3539 1877 3599 recte
1907 3531 2163 3615 quidem
2193 3533 2475 3615 cogitare
2516 3553 2708 3617 posse

370 3639 797 3706 convinceret.

552 3738 1014 3823 Theophrastus
1043 3735 1196 3820 quid
1228 3736 1510 3802 docuerit
1552 3737 1716 3801 libro
1765 3734 1920 3820 περὶ
1952 3736 2392 3816 σολοικισμῶν
2440 3742 2524 3818 (v.
2556 3738 2706 3803 Dio-

373 3863 577 3926 genes
622 3843 834 3907 Laert.
881 3841 957 3922 V,
1005 3843 1132 3916 48.)
1176 3839 1513 3905 nescimus
1602 3837 1733 3905 Sed
1790 3858 1984 3920 quum
2037 3839 2274 3921 plurali
2318 3859 2469 3905 usus
2514 3839 2597 3905 sit
2638 3840 2707 3905 in

511 4114 545 4177 ¹)
591 4114 652 4161 In
689 4111 783 4161 hac
819 4126 870 4160 re
906 4109 1292 4174 Aristophanem
1339 4109 1542 4160 finxisse
1579 4110 1834 4159 Socratem
1883 4114 2013 4159 artes
2061 4109 2364 4175 sophisticas
2398 4110 2705 4174 Protagorae

373 4199 639 4250 callentem
686 4197 740 4246 in
790 4196 1113 4245 institutione
1161 4210 1430 4259 puerorum
1478 4199 1611 4245 recte
1658 4195 1857 4245 monuit
1891 4194 1953 4244 L.
1991 4194 2211 4259 Spengel
2251 4194 2286 4246 l.
2320 4194 2354 4245 1.
2400 4211 2453 4260 p.
2489 4196 2570 4246 43.
2641 4194 2703 4243 In

374 4283 546 4337 Nubb.
587 4286 754 4332 autem
790 4283 905 4333 662.
953 4279 1153 4330 videtur
1197 4279 1565 4330 restituendum
1613 4296 1745 4330 esse:
1797 4273 2212 4345 ἀλεκτρύαιναν,
2267 4274 2364 4328 τὸν
2409 4272 2465 4327 δ’
2517 4272 2706 4343 ἕτερον

373 4362 646 4435 ἇλεκτρυῶ
680 4383 772 4432 pro
808 4359 1083 4434 ἀλέκτορα.
