<?xml version="1.0" encoding="UTF-8"?>
<!DOCTYPE html PUBLIC "-//W3C//DTD XHTML 1.0 Transitional//EN"
    "http://www.w3.org/TR/xhtml1/DTD/xhtml1-transitional.dtd">
<html xmlns="http://www.w3.org/1999/xhtml" xml:lang="en" lang="en">
 <head>
  <title>
</title>
<meta http-equiv="Content-Type" content="text/html;charset=utf-8" />
  <meta name='ocr-system' content='tesseract 3.04.00' />
  <meta name='ocr-capabilities' content='ocr_page ocr_carea ocr_par ocr_line ocrx_word'/>
</head>
<body>
  <div class='ocr_page' id='page_1' title='image "./opusculaacademi00goetgoog_0059.png"; bbox 0 0 3499 5219; ppageno 0'>
   <div class='ocr_carea' id='block_1_1' title="bbox 1301 412 1825 474">
    <p class='ocr_par' dir='ltr' id='par_1_1' title="bbox 1301 412 1825 474">
     <span class='ocr_line' id='line_1_1' title="bbox 1301 412 1825 474; baseline 0 -21"><span class='ocrx_word' id='word_1_1' title='bbox 1301 412 1825 474; x_wconf 32' lang='lat'><strong>*43—</strong></span> 
     </span>
    </p>
   </div>
   <div class='ocr_carea' id='block_1_2' title="bbox 369 577 2766 3111">
    <p class='ocr_par' dir='ltr' id='par_1_2' title="bbox 369 577 2766 3111">
     <span class='ocr_line' id='line_1_2' title="bbox 388 577 2736 667; baseline 0.003 -23"><span class='ocrx_word' id='word_1_2' title='bbox 388 577 701 661; x_wconf 85' lang='lat' dir='ltr'><strong>dextram,</strong></span> <span class='ocrx_word' id='word_1_3' title='bbox 722 577 764 653; x_wconf 90' lang='lat'><strong>¹)</strong></span> <span class='ocrx_word' id='word_1_4' title='bbox 810 577 902 643; x_wconf 88' lang='lat' dir='ltr'><strong>sic</strong></span> <span class='ocrx_word' id='word_1_5' title='bbox 943 577 1380 644; x_wconf 80' lang='lat' dir='ltr'><strong>fortitudinem</strong></span> <span class='ocrx_word' id='word_1_6' title='bbox 1423 578 1490 642; x_wconf 91' lang='lat' dir='ltr'><strong>in</strong></span> <span class='ocrx_word' id='word_1_7' title='bbox 1534 580 1809 644; x_wconf 87' lang='lat' dir='ltr'><strong>tumultu</strong></span> <span class='ocrx_word' id='word_1_8' title='bbox 1851 579 2278 647; x_wconf 88' lang='lat' dir='ltr'><strong>studiosorum</strong></span> <span class='ocrx_word' id='word_1_9' title='bbox 2322 583 2736 667; x_wconf 82' lang='lat' dir='ltr'><strong>Vitebergen-</strong></span> 
     </span>
     <span class='ocr_line' id='line_1_3' title="bbox 388 680 2737 768; baseline 0.002 -22"><span class='ocrx_word' id='word_1_10' title='bbox 388 682 555 747; x_wconf 87' lang='lat' dir='ltr'><strong>sium</strong></span> <span class='ocrx_word' id='word_1_11' title='bbox 598 680 934 764; x_wconf 86' lang='lat' dir='ltr'><strong>probatam</strong></span> <span class='ocrx_word' id='word_1_12' title='bbox 951 728 967 761; x_wconf 88' lang='lat'><em>‚</em></span> <span class='ocrx_word' id='word_1_13' title='bbox 981 681 1026 756; x_wconf 87' lang='lat'><strong>²)</strong></span> <span class='ocrx_word' id='word_1_14' title='bbox 1086 681 1179 745; x_wconf 90' lang='lat' dir='ltr'><strong>sic</strong></span> <span class='ocrx_word' id='word_1_15' title='bbox 1218 681 1352 746; x_wconf 91' lang='lat' dir='ltr'><strong>alia</strong></span> <span class='ocrx_word' id='word_1_16' title='bbox 1393 681 1575 746; x_wconf 90' lang='lat' dir='ltr'><strong>alias.</strong></span> <span class='ocrx_word' id='word_1_17' title='bbox 1594 680 1639 756; x_wconf 84' lang='lat'><strong>³)</strong></span> <span class='ocrx_word' id='word_1_18' title='bbox 1727 681 1992 748; x_wconf 79' lang='lat' dir='ltr'>Praeter</span> <span class='ocrx_word' id='word_1_19' title='bbox 2032 682 2223 765; x_wconf 88' lang='lat' dir='ltr'><strong>fidem</strong></span> <span class='ocrx_word' id='word_1_20' title='bbox 2264 704 2417 749; x_wconf 88' lang='lat' dir='ltr'><strong>vero</strong></span> <span class='ocrx_word' id='word_1_21' title='bbox 2446 685 2737 768; x_wconf 82' lang='lat' dir='ltr'>inprimis</span> 
     </span>
     <span class='ocr_line' id='line_1_4' title="bbox 386 782 2738 870; baseline 0.001 -21"><span class='ocrx_word' id='word_1_22' title='bbox 386 783 691 866; x_wconf 84' lang='lat' dir='ltr'><strong>religiosa</strong></span> <span class='ocrx_word' id='word_1_23' title='bbox 733 782 973 865; x_wconf 90' lang='lat' dir='ltr'><strong>pietate</strong></span> <span class='ocrx_word' id='word_1_24' title='bbox 1016 784 1347 864; x_wconf 88' lang='lat' dir='ltr'><strong>excelluit,</strong></span> <span class='ocrx_word' id='word_1_25' title='bbox 1422 804 1611 866; x_wconf 92' lang='lat' dir='ltr'><strong>quam</strong></span> <span class='ocrx_word' id='word_1_26' title='bbox 1654 783 1746 848; x_wconf 88' lang='lat' dir='ltr'><strong>ita</strong></span> <span class='ocrx_word' id='word_1_27' title='bbox 1790 784 1992 867; x_wconf 91' lang='lat' dir='ltr'><strong>spirat</strong></span> <span class='ocrx_word' id='word_1_28' title='bbox 2044 786 2327 850; x_wconf 91' lang='lat' dir='ltr'><strong>maxima</strong></span> <span class='ocrx_word' id='word_1_29' title='bbox 2382 806 2532 869; x_wconf 91' lang='lat' dir='ltr'><strong>pars</strong></span> <span class='ocrx_word' id='word_1_30' title='bbox 2588 806 2738 870; x_wconf 90' lang='lat' dir='ltr'><strong>poe-</strong></span> 
     </span>
     <span class='ocr_line' id='line_1_5' title="bbox 384 884 2734 973; baseline 0.001 -23"><span class='ocrx_word' id='word_1_31' title='bbox 384 891 658 966; x_wconf 83' lang='lat' dir='ltr'><strong>matum,</strong></span> <span class='ocrx_word' id='word_1_32' title='bbox 675 885 720 961; x_wconf 82' lang='lat'><strong>⁴)</strong></span> <span class='ocrx_word' id='word_1_33' title='bbox 791 884 1084 967; x_wconf 83' lang='lat' dir='ltr'>inprimis</span> <span class='ocrx_word' id='word_1_34' title='bbox 1155 905 1446 968; x_wconf 89' lang='lat' dir='ltr'><strong>precum,</strong></span> <span class='ocrx_word' id='word_1_35' title='bbox 1522 885 1684 950; x_wconf 88' lang='lat' dir='ltr'>nihil</span> <span class='ocrx_word' id='word_1_36' title='bbox 1751 891 1821 949; x_wconf 92' lang='lat' dir='ltr'><strong>ut</strong></span> <span class='ocrx_word' id='word_1_37' title='bbox 1889 886 2255 973; x_wconf 80' lang='lat' dir='ltr'><strong>inveniatur</strong></span> <span class='ocrx_word' id='word_1_38' title='bbox 2304 887 2374 951; x_wconf 92' lang='lat' dir='ltr'><strong>in</strong></span> <span class='ocrx_word' id='word_1_39' title='bbox 2425 887 2505 953; x_wconf 89' lang='lat' dir='ltr'><strong>iis</strong></span> <span class='ocrx_word' id='word_1_40' title='bbox 2562 887 2734 970; x_wconf 94' lang='lat' dir='ltr'><strong>quod</strong></span> 
     </span>
     <span class='ocr_line' id='line_1_6' title="bbox 386 986 2733 1072; baseline 0.001 -21"><span class='ocrx_word' id='word_1_41' title='bbox 386 987 658 1053; x_wconf 82' lang='lat' dir='ltr'><strong>lascivia</strong></span> <span class='ocrx_word' id='word_1_42' title='bbox 701 986 1016 1067; x_wconf 79' lang='lat' dir='ltr'><strong>quaedam</strong></span> <span class='ocrx_word' id='word_1_43' title='bbox 1059 986 1356 1052; x_wconf 82' lang='lat' dir='ltr'><strong>videatur</strong></span> <span class='ocrx_word' id='word_1_44' title='bbox 1397 988 1836 1071; x_wconf 79' lang='lat' dir='ltr'><strong>progenuisse.</strong></span> <span class='ocrx_word' id='word_1_45' title='bbox 1925 987 2096 1066; x_wconf 84' lang='lat' dir='ltr'><strong>Quin</strong></span> <span class='ocrx_word' id='word_1_46' title='bbox 2138 1006 2269 1053; x_wconf 92' lang='lat' dir='ltr'><strong>non</strong></span> <span class='ocrx_word' id='word_1_47' title='bbox 2314 989 2521 1053; x_wconf 88' lang='lat' dir='ltr'><strong>solum</strong></span> <span class='ocrx_word' id='word_1_48' title='bbox 2562 990 2733 1072; x_wconf 89' lang='lat' dir='ltr'><strong>psal-</strong></span> 
     </span>
     <span class='ocr_line' id='line_1_7' title="bbox 382 1088 2733 1173; baseline 0.002 -20"><span class='ocrx_word' id='word_1_49' title='bbox 382 1109 526 1154; x_wconf 90' lang='lat' dir='ltr'><strong>mos</strong></span> <span class='ocrx_word' id='word_1_50' title='bbox 597 1088 797 1170; x_wconf 86' lang='lat' dir='ltr'><strong>elegis</strong></span> <span class='ocrx_word' id='word_1_51' title='bbox 869 1090 1185 1170; x_wconf 80' lang='lat' dir='ltr'><strong>expressit</strong></span> <span class='ocrx_word' id='word_1_52' title='bbox 1253 1089 1340 1154; x_wconf 92' lang='lat' dir='ltr'><strong>ad</strong></span> <span class='ocrx_word' id='word_1_53' title='bbox 1413 1090 1779 1173; x_wconf 89' lang='lat' dir='ltr'><strong>exemplum</strong></span> <span class='ocrx_word' id='word_1_54' title='bbox 1850 1090 1929 1154; x_wconf 88' lang='grc' dir='ltr'><strong>Η.</strong></span> <span class='ocrx_word' id='word_1_55' title='bbox 1997 1089 2251 1154; x_wconf 88' lang='lat' dir='ltr'><strong>Eobani</strong></span> <span class='ocrx_word' id='word_1_56' title='bbox 2322 1090 2541 1173; x_wconf 89' lang='lat' dir='ltr'><strong>Hessi,</strong></span> <span class='ocrx_word' id='word_1_57' title='bbox 2617 1091 2733 1157; x_wconf 89' lang='lat' dir='ltr'><strong>sed</strong></span> 
     </span>
     <span class='ocr_line' id='line_1_8' title="bbox 383 1190 2733 1277; baseline 0.002 -21"><span class='ocrx_word' id='word_1_58' title='bbox 383 1191 722 1274; x_wconf 80' lang='lat' dir='ltr'><strong>periochas</strong></span> <span class='ocrx_word' id='word_1_59' title='bbox 795 1190 1020 1272; x_wconf 87' lang='lat' dir='ltr'><strong>etiam,</strong></span> <span class='ocrx_word' id='word_1_60' title='bbox 1110 1190 1489 1274; x_wconf 80' lang='lat' dir='ltr'><strong>decalogum</strong></span> <span class='ocrx_word' id='word_1_61' title='bbox 1562 1198 1625 1258; x_wconf 89' lang='lat' dir='ltr'><strong>et</strong></span> <span class='ocrx_word' id='word_1_62' title='bbox 1694 1191 2062 1257; x_wconf 79' lang='lat' dir='ltr'><strong>catechismi</strong></span> <span class='ocrx_word' id='word_1_63' title='bbox 2134 1191 2446 1273; x_wconf 92' lang='lat' dir='ltr'><strong>quasdam</strong></span> <span class='ocrx_word' id='word_1_64' title='bbox 2516 1199 2733 1277; x_wconf 90' lang='lat' dir='ltr'><strong>partes</strong></span> 
     </span>
     <span class='ocr_line' id='line_1_9' title="bbox 384 1292 2731 1375; baseline 0.001 -17"><span class='ocrx_word' id='word_1_65' title='bbox 384 1293 650 1358; x_wconf 90' lang='lat' dir='ltr'><strong>Lutheri</strong></span> <span class='ocrx_word' id='word_1_66' title='bbox 662 1293 705 1368; x_wconf 84' lang='lat'><strong>⁵)</strong></span> <span class='ocrx_word' id='word_1_67' title='bbox 752 1292 1040 1357; x_wconf 83' lang='lat' dir='ltr'><strong>versibus</strong></span> <span class='ocrx_word' id='word_1_68' title='bbox 1082 1293 1364 1358; x_wconf 83' lang='lat' dir='ltr'><strong>reddidit</strong></span> <span class='ocrx_word' id='word_1_69' title='bbox 1403 1294 1623 1358; x_wconf 87' lang='lat' dir='ltr'><strong>latinis</strong></span> <span class='ocrx_word' id='word_1_70' title='bbox 1665 1314 1798 1358; x_wconf 92' lang='lat' dir='ltr'><strong>non</strong></span> <span class='ocrx_word' id='word_1_71' title='bbox 1839 1293 2213 1357; x_wconf 87' lang='lat' dir='ltr'><strong>insuavibus</strong></span> <span class='ocrx_word' id='word_1_72' title='bbox 2228 1341 2244 1374; x_wconf 95' lang='lat'><strong>,</strong></span> <span class='ocrx_word' id='word_1_73' title='bbox 2321 1295 2492 1375; x_wconf 93' lang='lat' dir='ltr'><strong>quod</strong></span> <span class='ocrx_word' id='word_1_74' title='bbox 2540 1316 2731 1361; x_wconf 91' lang='lat' dir='ltr'><strong>nemo</strong></span> 
     </span>
     <span class='ocr_line' id='line_1_10' title="bbox 380 1394 2764 1476; baseline 0.001 -16"><span class='ocrx_word' id='word_1_75' title='bbox 380 1395 717 1460; x_wconf 90' lang='lat' dir='ltr'><strong>mirabitur</strong></span> <span class='ocrx_word' id='word_1_76' title='bbox 773 1395 879 1476; x_wconf 89' lang='lat' dir='ltr'><strong>qui</strong></span> <span class='ocrx_word' id='word_1_77' title='bbox 933 1395 1292 1460; x_wconf 90' lang='lat' dir='ltr'><strong>meminerit</strong></span> <span class='ocrx_word' id='word_1_78' title='bbox 1346 1396 1561 1460; x_wconf 90' lang='lat' dir='ltr'><strong>Ioach.</strong></span> <span class='ocrx_word' id='word_1_79' title='bbox 1607 1394 2040 1460; x_wconf 84' lang='lat' dir='ltr'><strong>Camerarium</strong></span> <span class='ocrx_word' id='word_1_80' title='bbox 2099 1394 2374 1460; x_wconf 90' lang='lat' dir='ltr'><strong>eundem</strong></span> <span class='ocrx_word' id='word_1_81' title='bbox 2430 1398 2764 1463; x_wconf 65' lang='lat' dir='ltr'><strong>ratechis--</strong></span> 
     </span>
     <span class='ocr_line' id='line_1_11' title="bbox 378 1496 2730 1579; baseline 0.001 -17"><span class='ocrx_word' id='word_1_82' title='bbox 378 1518 557 1562; x_wconf 90' lang='lat' dir='ltr'><strong>mum</strong></span> <span class='ocrx_word' id='word_1_83' title='bbox 614 1496 877 1561; x_wconf 89' lang='lat' dir='ltr'><strong>Lutheri</strong></span> <span class='ocrx_word' id='word_1_84' title='bbox 930 1498 1177 1578; x_wconf 83' lang='lat' dir='ltr'><strong>graecis</strong></span> <span class='ocrx_word' id='word_1_85' title='bbox 1233 1497 1525 1562; x_wconf 85' lang='lat' dir='ltr'><strong>versibus</strong></span> <span class='ocrx_word' id='word_1_86' title='bbox 1580 1497 1974 1579; x_wconf 82' lang='lat' dir='ltr'><strong>expressisse</strong></span> <span class='ocrx_word' id='word_1_87' title='bbox 1988 1545 2004 1578; x_wconf 94' lang='lat'><strong>,</strong></span> <span class='ocrx_word' id='word_1_88' title='bbox 2079 1497 2350 1562; x_wconf 88' lang='lat' dir='ltr'><strong>Paulum</strong></span> <span class='ocrx_word' id='word_1_89' title='bbox 2401 1498 2730 1564; x_wconf 87' lang='lat' dir='ltr'><strong>Melissum</strong></span> 
     </span>
     <span class='ocr_line' id='line_1_12' title="bbox 382 1597 2726 1683; baseline 0 -18"><span class='ocrx_word' id='word_1_90' title='bbox 382 1598 685 1680; x_wconf 83' lang='lat' dir='ltr'><strong>(Schede)</strong></span> <span class='ocrx_word' id='word_1_91' title='bbox 729 1618 955 1681; x_wconf 89' lang='lat' dir='ltr'><strong>preces</strong></span> <span class='ocrx_word' id='word_1_92' title='bbox 998 1599 1379 1664; x_wconf 89' lang='lat' dir='ltr'><strong>christianas</strong></span> <span class='ocrx_word' id='word_1_93' title='bbox 1424 1605 1488 1664; x_wconf 92' lang='lat' dir='ltr'><strong>et</strong></span> <span class='ocrx_word' id='word_1_94' title='bbox 1529 1599 1833 1683; x_wconf 89' lang='lat' dir='ltr'><strong>psalmos.</strong></span> <span class='ocrx_word' id='word_1_95' title='bbox 1921 1598 2091 1677; x_wconf 83' lang='lat' dir='ltr'><strong>Quid</strong></span> <span class='ocrx_word' id='word_1_96' title='bbox 2132 1597 2303 1682; x_wconf 92' lang='lat' dir='ltr'><strong>quod</strong></span> <span class='ocrx_word' id='word_1_97' title='bbox 2346 1606 2564 1663; x_wconf 91' lang='lat' dir='ltr'><strong>notum</strong></span> <span class='ocrx_word' id='word_1_98' title='bbox 2611 1607 2726 1682; x_wconf 90' lang='lat' dir='ltr'><strong>est,</strong></span> 
     </span>
     <span class='ocr_line' id='line_1_13' title="bbox 380 1700 2728 1784; baseline 0.001 -18"><span class='ocrx_word' id='word_1_99' title='bbox 380 1702 489 1767; x_wconf 88' lang='lat' dir='ltr'><strong>vel</strong></span> <span class='ocrx_word' id='word_1_100' title='bbox 553 1701 918 1768; x_wconf 86' lang='lat' dir='ltr'><strong>novissimis</strong></span> <span class='ocrx_word' id='word_1_101' title='bbox 972 1701 1363 1784; x_wconf 89' lang='lat' dir='ltr'><strong>temporibus</strong></span> <span class='ocrx_word' id='word_1_102' title='bbox 1421 1702 1496 1767; x_wconf 78' lang='lat' dir='ltr'><strong>Gr.</strong></span> <span class='ocrx_word' id='word_1_103' title='bbox 1555 1702 1631 1766; x_wconf 89' lang='lat' dir='ltr'><strong>E.</strong></span> <span class='ocrx_word' id='word_1_104' title='bbox 1687 1700 2093 1783; x_wconf 85' lang='lat' dir='ltr'><strong>Lessingium</strong></span> <span class='ocrx_word' id='word_1_105' title='bbox 2158 1700 2438 1765; x_wconf 85' lang='lat' dir='ltr'><strong>voluisse</strong></span> <span class='ocrx_word' id='word_1_106' title='bbox 2510 1701 2728 1768; x_wconf 89' lang='lat' dir='ltr'><strong>latinis</strong></span> 
     </span>
     <span class='ocr_line' id='line_1_14' title="bbox 379 1802 2723 1885; baseline -0 -17"><span class='ocrx_word' id='word_1_107' title='bbox 379 1804 674 1870; x_wconf 84' lang='lat' dir='ltr'><strong>versibus</strong></span> <span class='ocrx_word' id='word_1_108' title='bbox 714 1803 986 1869; x_wconf 90' lang='lat' dir='ltr'><strong>reddere</strong></span> <span class='ocrx_word' id='word_1_109' title='bbox 1030 1803 1440 1885; x_wconf 86' lang='lat' dir='ltr'><strong>Klopstockii</strong></span> <span class='ocrx_word' id='word_1_110' title='bbox 1482 1803 1814 1869; x_wconf 82' lang='lat' dir='ltr'><strong>Messiam!</strong></span> <span class='ocrx_word' id='word_1_111' title='bbox 1888 1802 2104 1867; x_wconf 87' lang='lat' dir='ltr'><strong>Pietas</strong></span> <span class='ocrx_word' id='word_1_112' title='bbox 2149 1802 2342 1866; x_wconf 84' lang='lat' dir='ltr'><strong>etiam</strong></span> <span class='ocrx_word' id='word_1_113' title='bbox 2387 1802 2723 1885; x_wconf 87' lang='lat' dir='ltr'><strong>quaedam,</strong></span> 
     </span>
     <span class='ocr_line' id='line_1_15' title="bbox 378 1903 2727 1989; baseline 0 -19"><span class='ocrx_word' id='word_1_114' title='bbox 378 1924 746 1989; x_wconf 89' lang='lat' dir='ltr'><strong>quanquam</strong></span> <span class='ocrx_word' id='word_1_115' title='bbox 789 1907 1008 1989; x_wconf 90' lang='lat' dir='ltr'><strong>paullo</strong></span> <span class='ocrx_word' id='word_1_116' title='bbox 1058 1904 1379 1986; x_wconf 90' lang='lat' dir='ltr'><strong>hebetior,</strong></span> <span class='ocrx_word' id='word_1_117' title='bbox 1455 1905 1791 1987; x_wconf 83' lang='lat' dir='ltr'><strong>Stigelium</strong></span> <span class='ocrx_word' id='word_1_118' title='bbox 1843 1903 2174 1969; x_wconf 89' lang='lat' dir='ltr'><strong>admonuit</strong></span> <span class='ocrx_word' id='word_1_119' title='bbox 2226 1910 2296 1967; x_wconf 92' lang='lat' dir='ltr'><strong>ut</strong></span> <span class='ocrx_word' id='word_1_120' title='bbox 2351 1905 2727 1987; x_wconf 88' lang='lat' dir='ltr'><strong>saepissime</strong></span> 
     </span>
     <span class='ocr_line' id='line_1_16' title="bbox 380 2006 2727 2091; baseline -0.001 -17"><span class='ocrx_word' id='word_1_121' title='bbox 380 2009 655 2091; x_wconf 90' lang='lat' dir='ltr'><strong>eclipses</strong></span> <span class='ocrx_word' id='word_1_122' title='bbox 709 2008 813 2073; x_wconf 88' lang='lat' dir='ltr'><strong>vel</strong></span> <span class='ocrx_word' id='word_1_123' title='bbox 874 2006 1028 2072; x_wconf 89' lang='lat' dir='ltr'><strong>solis</strong></span> <span class='ocrx_word' id='word_1_124' title='bbox 1086 2007 1190 2072; x_wconf 87' lang='lat' dir='ltr'><strong>vel</strong></span> <span class='ocrx_word' id='word_1_125' title='bbox 1245 2008 1440 2072; x_wconf 90' lang='lat' dir='ltr'><strong>lunae</strong></span> <span class='ocrx_word' id='word_1_126' title='bbox 1499 2027 1657 2089; x_wconf 88' lang='lat' dir='ltr'><strong>quas</strong></span> <span class='ocrx_word' id='word_1_127' title='bbox 1711 2007 2024 2070; x_wconf 88' lang='lat' dir='ltr'><strong>malorum</strong></span> <span class='ocrx_word' id='word_1_128' title='bbox 2096 2006 2511 2089; x_wconf 89' lang='lat' dir='ltr'><strong>praenuntias</strong></span> <span class='ocrx_word' id='word_1_129' title='bbox 2583 2026 2727 2072; x_wconf 91' lang='lat' dir='ltr'><strong>esse</strong></span> 
     </span>
     <span class='ocr_line' id='line_1_17' title="bbox 378 2107 2724 2194; baseline -0.001 -19"><span class='ocrx_word' id='word_1_130' title='bbox 378 2110 630 2194; x_wconf 83' lang='lat' dir='ltr'><strong>putavit</strong></span> <span class='ocrx_word' id='word_1_131' title='bbox 672 2108 872 2190; x_wconf 84' lang='lat' dir='ltr'><strong>elegis</strong></span> <span class='ocrx_word' id='word_1_132' title='bbox 915 2109 1297 2190; x_wconf 89' lang='lat' dir='ltr'><strong>celebraret,</strong></span> <span class='ocrx_word' id='word_1_133' title='bbox 1357 2109 1824 2193; x_wconf 88' lang='lat' dir='ltr'><strong>superstitionis</strong></span> <span class='ocrx_word' id='word_1_134' title='bbox 1866 2107 2077 2191; x_wconf 89' lang='lat' dir='ltr'><strong>plenis</strong></span> <span class='ocrx_word' id='word_1_135' title='bbox 2092 2156 2108 2189; x_wconf 91' lang='lat'><strong>,</strong></span> <span class='ocrx_word' id='word_1_136' title='bbox 2166 2107 2724 2174; x_wconf 89' lang='lat' dir='ltr'><strong>Melanchthonem</strong></span> 
     </span>
     <span class='ocr_line' id='line_1_18' title="bbox 379 2209 2727 2292; baseline -0.001 -14"><span class='ocrx_word' id='word_1_137' title='bbox 379 2213 574 2279; x_wconf 89' lang='lat' dir='ltr'><strong>etiam</strong></span> <span class='ocrx_word' id='word_1_138' title='bbox 614 2211 685 2276; x_wconf 92' lang='lat' dir='ltr'><strong>in</strong></span> <span class='ocrx_word' id='word_1_139' title='bbox 727 2210 849 2275; x_wconf 90' lang='lat' dir='ltr'><strong>hac</strong></span> <span class='ocrx_word' id='word_1_140' title='bbox 890 2230 961 2275; x_wconf 93' lang='lat' dir='ltr'><strong>re</strong></span> <span class='ocrx_word' id='word_1_141' title='bbox 1019 2211 1321 2276; x_wconf 88' lang='lat' dir='ltr'><strong>imitatus.</strong></span> <span class='ocrx_word' id='word_1_142' title='bbox 1409 2212 1486 2276; x_wconf 93' lang='lat' dir='ltr'><strong>In</strong></span> <span class='ocrx_word' id='word_1_143' title='bbox 1543 2211 1644 2276; x_wconf 90' lang='lat' dir='ltr'><strong>his</strong></span> <span class='ocrx_word' id='word_1_144' title='bbox 1697 2218 1916 2274; x_wconf 88' lang='lat' dir='ltr'><strong>tamen</strong></span> <span class='ocrx_word' id='word_1_145' title='bbox 1973 2216 2070 2275; x_wconf 91' lang='lat' dir='ltr'><strong>est</strong></span> <span class='ocrx_word' id='word_1_146' title='bbox 2123 2210 2342 2292; x_wconf 84' lang='lat' dir='ltr'><strong>paullo</strong></span> <span class='ocrx_word' id='word_1_147' title='bbox 2399 2209 2727 2292; x_wconf 85' lang='lat' dir='ltr'><strong>strigosior</strong></span> 
     </span>
     <span class='ocr_line' id='line_1_19' title="bbox 376 2299 2724 2397; baseline -0.001 -17"><span class='ocrx_word' id='word_1_148' title='bbox 376 2335 571 2397; x_wconf 88' lang='lat' dir='ltr'><strong>quam</strong></span> <span class='ocrx_word' id='word_1_149' title='bbox 613 2313 682 2378; x_wconf 90' lang='lat' dir='ltr'><strong>in</strong></span> <span class='ocrx_word' id='word_1_150' title='bbox 724 2311 971 2393; x_wconf 89' lang='lat' dir='ltr'><strong>ceteris,</strong></span> <span class='ocrx_word' id='word_1_151' title='bbox 1014 2312 1084 2376; x_wconf 91' lang='lat' dir='ltr'><strong>in</strong></span> <span class='ocrx_word' id='word_1_152' title='bbox 1128 2313 1357 2393; x_wconf 85' lang='lat' dir='ltr'><strong>quibus</strong></span> <span class='ocrx_word' id='word_1_153' title='bbox 1400 2313 1688 2396; x_wconf 88' lang='lat' dir='ltr'><strong>pleniore</strong></span> <span class='ocrx_word' id='word_1_154' title='bbox 1715 2332 1886 2377; x_wconf 87' lang='lat' dir='ltr'><strong>vena</strong></span> <span class='ocrx_word' id='word_1_155' title='bbox 1915 2311 2277 2377; x_wconf 86' lang='lat' dir='ltr'><strong>effunditur.</strong></span> <span class='ocrx_word' id='word_1_156' title='bbox 2310 2299 2724 2378; x_wconf 47' lang='lat' dir='ltr'><strong>&#39;Germaniae</strong></span> 
     </span>
     <span class='ocr_line' id='line_1_20' title="bbox 376 2413 2725 2499; baseline -0.001 -18"><span class='ocrx_word' id='word_1_157' title='bbox 376 2416 627 2499; x_wconf 90' lang='lat' dir='ltr'><strong>patriae</strong></span> <span class='ocrx_word' id='word_1_158' title='bbox 681 2434 964 2489; x_wconf 87' lang='lat' dir='ltr'><strong>amorem</strong></span> <span class='ocrx_word' id='word_1_159' title='bbox 1020 2414 1155 2479; x_wconf 89' lang='lat' dir='ltr'><strong>eius</strong></span> <span class='ocrx_word' id='word_1_160' title='bbox 1215 2414 1656 2480; x_wconf 87' lang='lat' dir='ltr'><strong>demonstrant</strong></span> <span class='ocrx_word' id='word_1_161' title='bbox 1711 2414 1996 2479; x_wconf 88' lang='lat' dir='ltr'><strong>carmina</strong></span> <span class='ocrx_word' id='word_1_162' title='bbox 2051 2413 2118 2477; x_wconf 92' lang='lat' dir='ltr'><strong>in</strong></span> <span class='ocrx_word' id='word_1_163' title='bbox 2173 2432 2433 2495; x_wconf 88' lang='lat' dir='ltr'><strong>campos</strong></span> <span class='ocrx_word' id='word_1_164' title='bbox 2476 2413 2725 2478; x_wconf 86' lang='lat' dir='ltr'><strong>Martis-</strong></span> 
     </span>
     <span class='ocr_line' id='line_1_21' title="bbox 374 2513 2721 2600; baseline -0.002 -16"><span class='ocrx_word' id='word_1_165' title='bbox 374 2520 730 2600; x_wconf 84' lang='lat' dir='ltr'><strong>burgenses</strong></span> <span class='ocrx_word' id='word_1_166' title='bbox 774 2521 837 2581; x_wconf 86' lang='lat' dir='ltr'><strong>et</strong></span> <span class='ocrx_word' id='word_1_167' title='bbox 878 2515 946 2580; x_wconf 90' lang='lat' dir='ltr'><strong>in</strong></span> <span class='ocrx_word' id='word_1_168' title='bbox 989 2516 1441 2599; x_wconf 80' lang='lat' dir='ltr'><strong>Arminium,⁰)</strong></span> <span class='ocrx_word' id='word_1_169' title='bbox 1513 2517 1690 2582; x_wconf 87' lang='lat' dir='ltr'><strong>cuius</strong></span> <span class='ocrx_word' id='word_1_170' title='bbox 1733 2515 1948 2581; x_wconf 90' lang='lat' dir='ltr'><strong>herois</strong></span> <span class='ocrx_word' id='word_1_171' title='bbox 2004 2520 2150 2597; x_wconf 88' lang='lat' dir='ltr'><strong>post</strong></span> <span class='ocrx_word' id='word_1_172' title='bbox 2192 2513 2326 2578; x_wconf 92' lang='lat' dir='ltr'><strong>Vlr.</strong></span> <span class='ocrx_word' id='word_1_173' title='bbox 2371 2514 2721 2580; x_wconf 91' lang='lat' dir='ltr'><strong>Huttenum</strong></span> 
     </span>
     <span class='ocr_line' id='line_1_22' title="bbox 374 2616 2719 2703; baseline -0.003 -16"><span class='ocrx_word' id='word_1_174' title='bbox 374 2622 454 2687; x_wconf 77' lang='lat' dir='ltr'><strong>G.</strong></span> <span class='ocrx_word' id='word_1_175' title='bbox 487 2618 859 2703; x_wconf 86' lang='lat' dir='ltr'><strong>Spalatinus</strong></span> <span class='ocrx_word' id='word_1_176' title='bbox 900 2618 1142 2702; x_wconf 88' lang='lat' dir='ltr'><strong>primus</strong></span> <span class='ocrx_word' id='word_1_177' title='bbox 1171 2618 1527 2686; x_wconf 80' lang='lat' dir='ltr'><strong>Germanos</strong></span> <span class='ocrx_word' id='word_1_178' title='bbox 1570 2620 2011 2698; x_wconf 88' lang='lat' dir='ltr'><strong>admonuerat,</strong></span> <span class='ocrx_word' id='word_1_179' title='bbox 2027 2618 2071 2693; x_wconf 90' lang='lat'><strong>⁷)</strong></span> <span class='ocrx_word' id='word_1_180' title='bbox 2117 2618 2397 2682; x_wconf 88' lang='lat' dir='ltr'><strong>musicae</strong></span> <span class='ocrx_word' id='word_1_181' title='bbox 2425 2616 2719 2700; x_wconf 89' lang='lat' dir='ltr'><strong>peritiam</strong></span> 
     </span>
     <span class='ocr_line' id='line_1_23' title="bbox 373 2718 2766 2800; baseline -0.001 -13"><span class='ocrx_word' id='word_1_182' title='bbox 373 2723 506 2787; x_wconf 87' lang='lat' dir='ltr'><strong>alia</strong></span> <span class='ocrx_word' id='word_1_183' title='bbox 576 2720 891 2800; x_wconf 89' lang='lat' dir='ltr'><strong>carmina,</strong></span> <span class='ocrx_word' id='word_1_184' title='bbox 967 2726 1037 2785; x_wconf 87' lang='lat' dir='ltr'><strong>ut</strong></span> <span class='ocrx_word' id='word_1_185' title='bbox 1105 2721 1268 2786; x_wconf 90' lang='lat' dir='ltr'><strong>illud</strong></span> <span class='ocrx_word' id='word_1_186' title='bbox 1340 2721 1426 2786; x_wconf 90' lang='lat' dir='ltr'><strong>ad</strong></span> <span class='ocrx_word' id='word_1_187' title='bbox 1494 2722 1852 2787; x_wconf 90' lang='lat' dir='ltr'><strong>Iohannem</strong></span> <span class='ocrx_word' id='word_1_188' title='bbox 1906 2718 2335 2799; x_wconf 88' lang='lat' dir='ltr'><strong>Waltherum,</strong></span> <span class='ocrx_word' id='word_1_189' title='bbox 2412 2720 2720 2784; x_wconf 90' lang='lat' dir='ltr'><strong>musicum</strong></span> <span class='ocrx_word' id='word_1_190' title='bbox 2745 2739 2766 2765; x_wconf 83' lang='lat'><em>⁰</em></span> 
     </span>
     <span class='ocr_line' id='line_1_24' title="bbox 370 2821 2722 2907; baseline -0.002 -16"><span class='ocrx_word' id='word_1_191' title='bbox 370 2823 684 2891; x_wconf 88' lang='lat' dir='ltr'><strong>Iohannis</strong></span> <span class='ocrx_word' id='word_1_192' title='bbox 726 2821 1035 2888; x_wconf 85' lang='lat' dir='ltr'><strong>Friderici</strong></span> <span class='ocrx_word' id='word_1_193' title='bbox 1078 2824 1391 2888; x_wconf 88' lang='lat' dir='ltr'><strong>Electoris</strong></span> <span class='ocrx_word' id='word_1_194' title='bbox 1406 2872 1421 2905; x_wconf 91' lang='lat'><strong>,</strong></span> <span class='ocrx_word' id='word_1_195' title='bbox 1437 2825 1482 2900; x_wconf 80' lang='lat'><strong>⁸)</strong></span> <span class='ocrx_word' id='word_1_196' title='bbox 1555 2823 1865 2907; x_wconf 90' lang='lat' dir='ltr'><strong>pictoriae</strong></span> <span class='ocrx_word' id='word_1_197' title='bbox 1916 2822 2074 2887; x_wconf 87' lang='lat' dir='ltr'><strong>artis</strong></span> <span class='ocrx_word' id='word_1_198' title='bbox 2129 2821 2408 2886; x_wconf 89' lang='lat' dir='ltr'><strong>studium</strong></span> <span class='ocrx_word' id='word_1_199' title='bbox 2463 2827 2722 2904; x_wconf 89' lang='lat' dir='ltr'><strong>praeter</strong></span> 
     </span>
     <span class='ocr_line' id='line_1_25' title="bbox 372 2922 2720 3007; baseline -0.001 -16"><span class='ocrx_word' id='word_1_200' title='bbox 372 2925 720 2991; x_wconf 90' lang='lat' dir='ltr'><strong>amicitiam</strong></span> <span class='ocrx_word' id='word_1_201' title='bbox 764 2943 930 3006; x_wconf 88' lang='lat' dir='ltr'><strong>quae</strong></span> <span class='ocrx_word' id='word_1_202' title='bbox 973 2924 1237 3007; x_wconf 83' lang='lat' dir='ltr'><strong>Stigelio</strong></span> <span class='ocrx_word' id='word_1_203' title='bbox 1280 2925 1639 2990; x_wconf 88' lang='lat' dir='ltr'><strong>intercessit</strong></span> <span class='ocrx_word' id='word_1_204' title='bbox 1680 2945 1823 2990; x_wconf 90' lang='lat' dir='ltr'><strong>cum</strong></span> <span class='ocrx_word' id='word_1_205' title='bbox 1856 2924 2034 2987; x_wconf 91' lang='lat' dir='ltr'><strong>Luca</strong></span> <span class='ocrx_word' id='word_1_206' title='bbox 2064 2922 2419 2988; x_wconf 84' lang='lat' dir='ltr'><strong>Granachio</strong></span> <span class='ocrx_word' id='word_1_207' title='bbox 2433 2923 2478 2998; x_wconf 82' lang='lat'><strong>⁹)</strong></span> <span class='ocrx_word' id='word_1_208' title='bbox 2524 2923 2720 2989; x_wconf 80' lang='lat' dir='ltr'><strong>etiam</strong></span> 
     </span>
     <span class='ocr_line' id='line_1_26' title="bbox 369 3024 2719 3111; baseline -0.002 -17"><span class='ocrx_word' id='word_1_209' title='bbox 369 3029 583 3111; x_wconf 85' lang='lat' dir='ltr'><strong>elegia</strong></span> <span class='ocrx_word' id='word_1_210' title='bbox 622 3028 691 3092; x_wconf 91' lang='lat' dir='ltr'><strong>in</strong></span> <span class='ocrx_word' id='word_1_211' title='bbox 735 3025 977 3089; x_wconf 91' lang='lat' dir='ltr'><strong>obitum</strong></span> <span class='ocrx_word' id='word_1_212' title='bbox 1019 3026 1328 3092; x_wconf 91' lang='lat' dir='ltr'><strong>Iohannis</strong></span> <span class='ocrx_word' id='word_1_213' title='bbox 1373 3024 1740 3108; x_wconf 84' lang='lat' dir='ltr'><strong>Cranachii,</strong></span> <span class='ocrx_word' id='word_1_214' title='bbox 1814 3026 2028 3089; x_wconf 89' lang='lat' dir='ltr'><strong>Lucae</strong></span> <span class='ocrx_word' id='word_1_215' title='bbox 2070 3024 2184 3088; x_wconf 90' lang='lat' dir='ltr'><strong>filii</strong></span> <span class='ocrx_word' id='word_1_216' title='bbox 2198 3072 2214 3105; x_wconf 88' lang='lat'><em>‚</em></span> <span class='ocrx_word' id='word_1_217' title='bbox 2236 3025 2298 3103; x_wconf 86' lang='lat'><strong>¹⁰)</strong></span> <span class='ocrx_word' id='word_1_218' title='bbox 2353 3025 2531 3089; x_wconf 91' lang='lat' dir='ltr'><strong>cuius</strong></span> <span class='ocrx_word' id='word_1_219' title='bbox 2584 3045 2719 3090; x_wconf 89' lang='lat' dir='ltr'><strong>car·</strong></span> 
     </span>
    </p>
   </div>
   <div class='ocr_carea' id='block_1_3' title="bbox 366 3275 2716 4111">
    <p class='ocr_par' dir='ltr' id='par_1_3' title="bbox 366 3275 2716 4111">
     <span class='ocr_line' id='line_1_27' title="bbox 508 3275 2715 3348; baseline -0.002 -14"><span class='ocrx_word' id='word_1_220' title='bbox 508 3285 542 3348; x_wconf 87' lang='lat'><strong>&#39;)</strong></span> <span class='ocrx_word' id='word_1_221' title='bbox 579 3283 638 3334; x_wconf 91' lang='lat' dir='ltr'><strong>T.</strong></span> <span class='ocrx_word' id='word_1_222' title='bbox 686 3283 728 3330; x_wconf 94' lang='grc' dir='ltr'><strong>Ι.</strong></span> <span class='ocrx_word' id='word_1_223' title='bbox 778 3282 813 3332; x_wconf 85' lang='lat' dir='ltr'><strong>f.</strong></span> <span class='ocrx_word' id='word_1_224' title='bbox 862 3284 978 3334; x_wconf 86' lang='lat'><strong>423.</strong></span> <span class='ocrx_word' id='word_1_225' title='bbox 1117 3279 1154 3342; x_wconf 85' lang='lat'><strong>²)</strong></span> <span class='ocrx_word' id='word_1_226' title='bbox 1209 3279 1267 3331; x_wconf 88' lang='lat' dir='ltr'><strong>T.</strong></span> <span class='ocrx_word' id='word_1_227' title='bbox 1316 3280 1359 3331; x_wconf 91' lang='grc' dir='ltr'><strong>Ι.</strong></span> <span class='ocrx_word' id='word_1_228' title='bbox 1405 3278 1438 3327; x_wconf 87' lang='lat' dir='ltr'><strong>f.</strong></span> <span class='ocrx_word' id='word_1_229' title='bbox 1489 3281 1602 3331; x_wconf 84' lang='lat'><strong>424.</strong></span> <span class='ocrx_word' id='word_1_230' title='bbox 1740 3276 1779 3339; x_wconf 80' lang='lat'><strong>³)</strong></span> <span class='ocrx_word' id='word_1_231' title='bbox 1824 3276 1883 3329; x_wconf 88' lang='grc' dir='ltr'><strong>Τ.</strong></span> <span class='ocrx_word' id='word_1_232' title='bbox 1915 3277 1960 3329; x_wconf 93' lang='grc' dir='ltr'><strong>Ι.</strong></span> <span class='ocrx_word' id='word_1_233' title='bbox 2009 3277 2043 3326; x_wconf 80' lang='lat' dir='ltr'><strong>f.</strong></span> <span class='ocrx_word' id='word_1_234' title='bbox 2081 3278 2197 3328; x_wconf 90' lang='grc'><strong>422.</strong></span> <span class='ocrx_word' id='word_1_235' title='bbox 2235 3278 2349 3328; x_wconf 90' lang='grc'><strong>423.</strong></span> <span class='ocrx_word' id='word_1_236' title='bbox 2486 3275 2528 3340; x_wconf 91' lang='lat'><strong>⁴)</strong></span> <span class='ocrx_word' id='word_1_237' title='bbox 2576 3276 2632 3327; x_wconf 92' lang='lat' dir='ltr'><strong>T.</strong></span> <span class='ocrx_word' id='word_1_238' title='bbox 2670 3277 2715 3330; x_wconf 90' lang='grc' dir='ltr'><strong>Ι.</strong></span> 
     </span>
     <span class='ocr_line' id='line_1_28' title="bbox 371 3360 2716 3427; baseline -0.003 -9"><span class='ocrx_word' id='word_1_239' title='bbox 371 3369 407 3420; x_wconf 80' lang='lat' dir='ltr'><strong>f.</strong></span> <span class='ocrx_word' id='word_1_240' title='bbox 484 3370 596 3421; x_wconf 83' lang='lat'><strong>158.</strong></span> <span class='ocrx_word' id='word_1_241' title='bbox 672 3369 782 3419; x_wconf 93' lang='grc'><strong>195.</strong></span> <span class='ocrx_word' id='word_1_242' title='bbox 854 3368 971 3419; x_wconf 88' lang='grc'><strong>204.</strong></span> <span class='ocrx_word' id='word_1_243' title='bbox 1042 3366 1111 3414; x_wconf 90' lang='grc' dir='ltr'><strong>ΙΙ.</strong></span> <span class='ocrx_word' id='word_1_244' title='bbox 1184 3364 1216 3415; x_wconf 87' lang='lat' dir='ltr'><strong>f.</strong></span> <span class='ocrx_word' id='word_1_245' title='bbox 1287 3366 1335 3414; x_wconf 87' lang='lat'><strong>5.</strong></span> <span class='ocrx_word' id='word_1_246' title='bbox 1411 3367 1488 3416; x_wconf 91' lang='grc'><strong>10.</strong></span> <span class='ocrx_word' id='word_1_247' title='bbox 1638 3362 1676 3427; x_wconf 84' lang='lat'><strong>⁵)</strong></span> <span class='ocrx_word' id='word_1_248' title='bbox 1730 3363 1788 3412; x_wconf 90' lang='lat' dir='ltr'><strong>Si</strong></span> <span class='ocrx_word' id='word_1_249' title='bbox 1857 3361 1946 3426; x_wconf 90' lang='lat' dir='ltr'><strong>qui</strong></span> <span class='ocrx_word' id='word_1_250' title='bbox 2018 3361 2123 3411; x_wconf 87' lang='lat' dir='ltr'><strong>sint</strong></span> <span class='ocrx_word' id='word_1_251' title='bbox 2190 3361 2278 3425; x_wconf 91' lang='lat' dir='ltr'><strong>qui</strong></span> <span class='ocrx_word' id='word_1_252' title='bbox 2347 3361 2442 3410; x_wconf 89' lang='lat' dir='ltr'><strong>hoc</strong></span> <span class='ocrx_word' id='word_1_253' title='bbox 2513 3360 2716 3411; x_wconf 82' lang='lat' dir='ltr'><strong>rideant</strong></span> 
     </span>
     <span class='ocr_line' id='line_1_29' title="bbox 366 3445 2712 3518; baseline -0.004 -14"><span class='ocrx_word' id='word_1_254' title='bbox 366 3453 546 3518; x_wconf 80' lang='lat' dir='ltr'><strong>legant</strong></span> <span class='ocrx_word' id='word_1_255' title='bbox 601 3452 750 3503; x_wconf 84' lang='lat' dir='ltr'><strong>velim</strong></span> <span class='ocrx_word' id='word_1_256' title='bbox 794 3451 998 3516; x_wconf 81' lang='lat' dir='ltr'><strong>egregia</strong></span> <span class='ocrx_word' id='word_1_257' title='bbox 1041 3448 1194 3499; x_wconf 81' lang='lat' dir='ltr'><strong>verba</strong></span> <span class='ocrx_word' id='word_1_258' title='bbox 1244 3449 1307 3498; x_wconf 87' lang='lat' dir='ltr'><strong>L.</strong></span> <span class='ocrx_word' id='word_1_259' title='bbox 1343 3449 1568 3500; x_wconf 71' lang='lat' dir='ltr'><strong>Rankti:</strong></span> <span class='ocrx_word' id='word_1_260' title='bbox 1624 3448 1879 3497; x_wconf 81' lang='lat' dir='ltr'><strong>Deutsche</strong></span> <span class='ocrx_word' id='word_1_261' title='bbox 1915 3446 2095 3498; x_wconf 86' lang='lat' dir='ltr'><strong>Gesch.</strong></span> <span class='ocrx_word' id='word_1_262' title='bbox 2132 3446 2203 3496; x_wconf 90' lang='lat' dir='ltr'><strong>im</strong></span> <span class='ocrx_word' id='word_1_263' title='bbox 2236 3445 2364 3496; x_wconf 80' lang='lat' dir='ltr'><strong>zeit.</strong></span> <span class='ocrx_word' id='word_1_264' title='bbox 2402 3445 2451 3497; x_wconf 83' lang='lat' dir='ltr'><strong>d.</strong></span> <span class='ocrx_word' id='word_1_265' title='bbox 2489 3445 2602 3498; x_wconf 78' lang='lat' dir='ltr'><strong>Res.</strong></span> <span class='ocrx_word' id='word_1_266' title='bbox 2641 3447 2712 3495; x_wconf 92' lang='grc' dir='ltr'><strong>ΙΙ.</strong></span> 
     </span>
     <span class='ocr_line' id='line_1_30' title="bbox 368 3530 2712 3604; baseline -0.003 -17"><span class='ocrx_word' id='word_1_267' title='bbox 368 3553 421 3604; x_wconf 81' lang='lat' dir='ltr'><strong>p.</strong></span> <span class='ocrx_word' id='word_1_268' title='bbox 459 3540 572 3589; x_wconf 84' lang='lat'><strong>445.</strong></span> <span class='ocrx_word' id='word_1_269' title='bbox 712 3537 750 3593; x_wconf 79' lang='lat'><strong>⁶)</strong></span> <span class='ocrx_word' id='word_1_270' title='bbox 787 3536 844 3586; x_wconf 87' lang='grc' dir='ltr'><strong>Τ.</strong></span> <span class='ocrx_word' id='word_1_271' title='bbox 882 3536 926 3585; x_wconf 91' lang='grc' dir='ltr'><strong>Ι.</strong></span> <span class='ocrx_word' id='word_1_272' title='bbox 963 3534 998 3586; x_wconf 84' lang='lat' dir='ltr'><strong>f.</strong></span> <span class='ocrx_word' id='word_1_273' title='bbox 1035 3537 1152 3587; x_wconf 82' lang='lat'><strong>206.</strong></span> <span class='ocrx_word' id='word_1_274' title='bbox 1191 3535 1305 3585; x_wconf 88' lang='grc'><strong>392.</strong></span> <span class='ocrx_word' id='word_1_275' title='bbox 1344 3535 1460 3585; x_wconf 88' lang='grc'><strong>394.</strong></span> <span class='ocrx_word' id='word_1_276' title='bbox 1497 3535 1614 3585; x_wconf 85' lang='grc'><strong>395.</strong></span> <span class='ocrx_word' id='word_1_277' title='bbox 1651 3535 1769 3585; x_wconf 86' lang='grc'><strong>403.</strong></span> <span class='ocrx_word' id='word_1_278' title='bbox 1908 3531 1944 3585; x_wconf 75' lang='lat'><strong>⁷)</strong></span> <span class='ocrx_word' id='word_1_279' title='bbox 1981 3531 2094 3580; x_wconf 79' lang='lat' dir='ltr'><strong>Von</strong></span> <span class='ocrx_word' id='word_1_280' title='bbox 2137 3530 2247 3580; x_wconf 85' lang='lat' dir='ltr'><strong>dem</strong></span> <span class='ocrx_word' id='word_1_281' title='bbox 2296 3530 2518 3579; x_wconf 75' lang='lat' dir='ltr'><strong>thewren</strong></span> <span class='ocrx_word' id='word_1_282' title='bbox 2553 3531 2712 3581; x_wconf 84' lang='lat' dir='ltr'><strong>Deut-</strong></span> 
     </span>
     <span class='ocr_line' id='line_1_31' title="bbox 371 3613 2712 3679; baseline -0.003 -7"><span class='ocrx_word' id='word_1_283' title='bbox 371 3623 527 3673; x_wconf 78' lang='lat' dir='ltr'><strong>schen</strong></span> <span class='ocrx_word' id='word_1_284' title='bbox 561 3624 778 3671; x_wconf 75' lang='lat' dir='ltr'><strong>Fursten</strong></span> <span class='ocrx_word' id='word_1_285' title='bbox 815 3620 1063 3670; x_wconf 79' lang='lat' dir='ltr'><strong>Arminio,</strong></span> <span class='ocrx_word' id='word_1_286' title='bbox 1099 3618 1268 3669; x_wconf 84' lang='lat' dir='ltr'><strong>Viteb.</strong></span> <span class='ocrx_word' id='word_1_287' title='bbox 1309 3620 1454 3669; x_wconf 86' lang='grc'><strong>1535.</strong></span> <span class='ocrx_word' id='word_1_288' title='bbox 1510 3617 1850 3667; x_wconf 83' lang='lat' dir='ltr'><strong>Thusneldam</strong></span> <span class='ocrx_word' id='word_1_289' title='bbox 1887 3615 1961 3666; x_wconf 90' lang='lat' dir='ltr'><strong>ibi</strong></span> <span class='ocrx_word' id='word_1_290' title='bbox 1996 3615 2198 3665; x_wconf 83' lang='lat' dir='ltr'><strong>Tosfeld</strong></span> <span class='ocrx_word' id='word_1_291' title='bbox 2234 3615 2363 3665; x_wconf 87' lang='lat' dir='ltr'><strong>dicit</strong></span> <span class='ocrx_word' id='word_1_292' title='bbox 2398 3613 2712 3679; x_wconf 68' lang='lat' dir='ltr'><strong>SpalatinuS,</strong></span> 
     </span>
     <span class='ocr_line' id='line_1_32' title="bbox 366 3700 2711 3765; baseline -0.003 -8"><span class='ocrx_word' id='word_1_293' title='bbox 366 3705 720 3757; x_wconf 88' lang='lat' dir='ltr'><strong>Thumelicum</strong></span> <span class='ocrx_word' id='word_1_294' title='bbox 755 3721 871 3755; x_wconf 86' lang='lat' dir='ltr'><strong>vero</strong></span> <span class='ocrx_word' id='word_1_295' title='bbox 907 3703 1187 3754; x_wconf 86' lang='lat' dir='ltr'><strong>Tumelich.</strong></span> <span class='ocrx_word' id='word_1_296' title='bbox 1323 3701 1362 3765; x_wconf 82' lang='lat'><strong>⁸)</strong></span> <span class='ocrx_word' id='word_1_297' title='bbox 1400 3702 1457 3752; x_wconf 88' lang='grc' dir='ltr'><strong>Τ.</strong></span> <span class='ocrx_word' id='word_1_298' title='bbox 1492 3703 1535 3751; x_wconf 91' lang='grc' dir='ltr'><strong>Ι.</strong></span> <span class='ocrx_word' id='word_1_299' title='bbox 1572 3702 1606 3754; x_wconf 83' lang='lat' dir='ltr'><strong>f.</strong></span> <span class='ocrx_word' id='word_1_300' title='bbox 1643 3704 1760 3754; x_wconf 83' lang='lat'><strong>382.</strong></span> <span class='ocrx_word' id='word_1_301' title='bbox 1826 3702 1905 3753; x_wconf 84' lang='lat' dir='ltr'><strong>Cf.</strong></span> <span class='ocrx_word' id='word_1_302' title='bbox 1941 3700 1998 3751; x_wconf 88' lang='lat' dir='ltr'><strong>T.</strong></span> <span class='ocrx_word' id='word_1_303' title='bbox 2035 3702 2078 3751; x_wconf 95' lang='grc' dir='ltr'><strong>Ι.</strong></span> <span class='ocrx_word' id='word_1_304' title='bbox 2113 3700 2148 3751; x_wconf 83' lang='lat' dir='ltr'><strong>f.</strong></span> <span class='ocrx_word' id='word_1_305' title='bbox 2187 3702 2268 3752; x_wconf 85' lang='lat'><strong>60.</strong></span> <span class='ocrx_word' id='word_1_306' title='bbox 2312 3702 2423 3750; x_wconf 86' lang='lat'><strong>144.</strong></span> <span class='ocrx_word' id='word_1_307' title='bbox 2462 3701 2580 3753; x_wconf 87' lang='grc'><strong>344.</strong></span> <span class='ocrx_word' id='word_1_308' title='bbox 2637 3700 2711 3750; x_wconf 89' lang='lat' dir='ltr'><strong>De</strong></span> 
     </span>
     <span class='ocr_line' id='line_1_33' title="bbox 369 3783 2711 3852; baseline -0.003 -11"><span class='ocrx_word' id='word_1_309' title='bbox 369 3793 562 3841; x_wconf 84' lang='lat' dir='ltr'><strong>Ioanne</strong></span> <span class='ocrx_word' id='word_1_310' title='bbox 598 3790 886 3851; x_wconf 85' lang='lat' dir='ltr'><strong>Walthero,</strong></span> <span class='ocrx_word' id='word_1_311' title='bbox 936 3789 1129 3838; x_wconf 82' lang='lat' dir='ltr'><strong>musico</strong></span> <span class='ocrx_word' id='word_1_312' title='bbox 1165 3787 1394 3852; x_wconf 76' lang='lat' dir='ltr'><strong>egregie,</strong></span> <span class='ocrx_word' id='word_1_313' title='bbox 1449 3787 1692 3851; x_wconf 82' lang='lat' dir='ltr'><strong>magistro</strong></span> <span class='ocrx_word' id='word_1_314' title='bbox 1727 3784 2114 3851; x_wconf 84' lang='lat' dir='ltr'><strong>philosophiae,</strong></span> <span class='ocrx_word' id='word_1_315' title='bbox 2167 3783 2384 3833; x_wconf 86' lang='lat' dir='ltr'><strong>Lutheri</strong></span> <span class='ocrx_word' id='word_1_316' title='bbox 2418 3784 2610 3847; x_wconf 84' lang='lat' dir='ltr'><strong>amico,</strong></span> <span class='ocrx_word' id='word_1_317' title='bbox 2662 3801 2711 3835; x_wconf 80' lang='lat' dir='ltr'><strong>v,</strong></span> 
     </span>
     <span class='ocr_line' id='line_1_34' title="bbox 367 3867 2711 3928; baseline -0.003 0"><span class='ocrx_word' id='word_1_318' title='bbox 367 3878 432 3928; x_wconf 75' lang='lat' dir='ltr'><strong>A.</strong></span> <span class='ocrx_word' id='word_1_319' title='bbox 470 3876 789 3927; x_wconf 73' lang='lat' dir='ltr'><strong>Kobereteinz</strong></span> <span class='ocrx_word' id='word_1_320' title='bbox 827 3873 1103 3923; x_wconf 78' lang='lat' dir='ltr'><strong>Grundriss</strong></span> <span class='ocrx_word' id='word_1_321' title='bbox 1138 3871 1226 3922; x_wconf 87' lang='lat' dir='ltr'><strong>der</strong></span> <span class='ocrx_word' id='word_1_322' title='bbox 1260 3871 1439 3921; x_wconf 85' lang='lat' dir='ltr'><strong>Gesch.</strong></span> <span class='ocrx_word' id='word_1_323' title='bbox 1477 3872 1565 3922; x_wconf 88' lang='lat' dir='ltr'><strong>der</strong></span> <span class='ocrx_word' id='word_1_324' title='bbox 1599 3871 1874 3922; x_wconf 82' lang='lat' dir='ltr'><strong>deutschen</strong></span> <span class='ocrx_word' id='word_1_325' title='bbox 1902 3867 2468 3919; x_wconf 82' lang='lat' dir='ltr'><strong>National-Litteratur.</strong></span> <span class='ocrx_word' id='word_1_326' title='bbox 2502 3868 2601 3919; x_wconf 83' lang='lat' dir='ltr'><strong>Ed.</strong></span> <span class='ocrx_word' id='word_1_327' title='bbox 2621 3870 2711 3922; x_wconf 89' lang='lat' dir='ltr'><strong>IV.</strong></span> 
     </span>
     <span class='ocr_line' id='line_1_35' title="bbox 366 3943 2711 4027; baseline -0.003 -15"><span class='ocrx_word' id='word_1_328' title='bbox 366 3977 423 4027; x_wconf 84' lang='lat' dir='ltr'><strong>p.</strong></span> <span class='ocrx_word' id='word_1_329' title='bbox 460 3943 575 4014; x_wconf 80' lang='grc'><strong>397.</strong></span> <span class='ocrx_word' id='word_1_330' title='bbox 613 3965 665 4010; x_wconf 85' lang='lat' dir='ltr'><strong>et</strong></span> <span class='ocrx_word' id='word_1_331' title='bbox 703 3957 936 4010; x_wconf 77' lang='lat' dir='ltr'><strong>Ger-beri:</strong></span> <span class='ocrx_word' id='word_1_332' title='bbox 992 3959 1188 4008; x_wconf 83' lang='lat' dir='ltr'><strong>Histor.</strong></span> <span class='ocrx_word' id='word_1_333' title='bbox 1236 3956 1399 4021; x_wconf 87' lang='lat' dir='ltr'><strong>biogr.</strong></span> <span class='ocrx_word' id='word_1_334' title='bbox 1447 3956 1674 4007; x_wconf 79' lang='lat' dir='ltr'><strong>Lexicon</strong></span> <span class='ocrx_word' id='word_1_335' title='bbox 1724 3956 1815 4006; x_wconf 87' lang='lat' dir='ltr'><strong>der</strong></span> <span class='ocrx_word' id='word_1_336' title='bbox 1860 3953 2217 4004; x_wconf 77' lang='lat' dir='ltr'><strong>Tonkunstler.</strong></span> <span class='ocrx_word' id='word_1_337' title='bbox 2353 3953 2392 4014; x_wconf 83' lang='lat'><strong>⁹)</strong></span> <span class='ocrx_word' id='word_1_338' title='bbox 2430 3954 2535 4004; x_wconf 88' lang='lat' dir='ltr'><strong>Sub</strong></span> <span class='ocrx_word' id='word_1_339' title='bbox 2570 3954 2711 4021; x_wconf 83' lang='lat' dir='ltr'><strong>xylo-</strong></span> 
     </span>
     <span class='ocr_line' id='line_1_36' title="bbox 369 4038 2459 4111; baseline -0.004 -15"><span class='ocrx_word' id='word_1_340' title='bbox 369 4045 567 4111; x_wconf 75' lang='lat' dir='ltr'><strong>grapho</strong></span> <span class='ocrx_word' id='word_1_341' title='bbox 603 4044 655 4096; x_wconf 89' lang='lat' dir='ltr'><strong>S.</strong></span> <span class='ocrx_word' id='word_1_342' title='bbox 692 4044 901 4109; x_wconf 81' lang='lat' dir='ltr'><strong>Georgii</strong></span> <span class='ocrx_word' id='word_1_343' title='bbox 937 4060 967 4093; x_wconf 83' lang='lat' dir='ltr'><strong>a</strong></span> <span class='ocrx_word' id='word_1_344' title='bbox 1001 4044 1063 4093; x_wconf 95' lang='lat' dir='ltr'><strong>L.</strong></span> <span class='ocrx_word' id='word_1_345' title='bbox 1101 4041 1383 4092; x_wconf 85' lang='lat' dir='ltr'><strong>Cranachio</strong></span> <span class='ocrx_word' id='word_1_346' title='bbox 1416 4041 1553 4091; x_wconf 81' lang='lat' dir='ltr'><strong>facto</strong></span> <span class='ocrx_word' id='word_1_347' title='bbox 1586 4041 1740 4091; x_wconf 83' lang='lat' dir='ltr'><strong>incisi</strong></span> <span class='ocrx_word' id='word_1_348' title='bbox 1775 4044 1895 4090; x_wconf 81' lang='lat' dir='ltr'><strong>sunt</strong></span> <span class='ocrx_word' id='word_1_349' title='bbox 1929 4039 1984 4088; x_wconf 91' lang='lat' dir='ltr'><strong>hi</strong></span> <span class='ocrx_word' id='word_1_350' title='bbox 2020 4055 2190 4089; x_wconf 81' lang='lat' dir='ltr'><strong>versus</strong></span> <span class='ocrx_word' id='word_1_351' title='bbox 2227 4038 2459 4103; x_wconf 80' lang='lat' dir='ltr'><strong>Stigelii:</strong></span> 
     </span>
    </p>
   </div>
   <div class='ocr_carea' id='block_1_4' title="bbox 929 4141 2114 4245">
    <p class='ocr_par' dir='ltr' id='par_1_4' title="bbox 929 4141 2114 4245">
     <span class='ocr_line' id='line_1_37' title="bbox 929 4141 1800 4193; baseline -0.003 -9"><span class='ocrx_word' id='word_1_352' title='bbox 929 4142 1070 4184; x_wconf 67' lang='lat' dir='ltr'><strong>Aer-ea</strong></span> <span class='ocrx_word' id='word_1_353' title='bbox 1094 4142 1290 4193; x_wconf 77' lang='lat' dir='ltr'><strong>pendens</strong></span> <span class='ocrx_word' id='word_1_354' title='bbox 1316 4141 1495 4183; x_wconf 77' lang='lat' dir='ltr'><strong>innoxia</strong></span> <span class='ocrx_word' id='word_1_355' title='bbox 1519 4153 1626 4193; x_wconf 80' lang='lat' dir='ltr'><strong>rupe</strong></span> <span class='ocrx_word' id='word_1_356' title='bbox 1651 4141 1800 4193; x_wconf 79' lang='lat' dir='ltr'><strong>puella.</strong></span> 
     </span>
     <span class='ocr_line' id='line_1_38' title="bbox 985 4191 2114 4245; baseline -0.003 -10"><span class='ocrx_word' id='word_1_357' title='bbox 985 4195 1112 4235; x_wconf 79' lang='lat' dir='ltr'><strong>Errat</strong></span> <span class='ocrx_word' id='word_1_358' title='bbox 1139 4194 1187 4234; x_wconf 89' lang='lat' dir='ltr'><strong>in</strong></span> <span class='ocrx_word' id='word_1_359' title='bbox 1214 4194 1376 4245; x_wconf 75' lang='lat' dir='ltr'><strong>ignotis</strong></span> <span class='ocrx_word' id='word_1_360' title='bbox 1404 4193 1599 4243; x_wconf 80' lang='lat' dir='ltr'><strong>flensque</strong></span> <span class='ocrx_word' id='word_1_361' title='bbox 1626 4193 1863 4243; x_wconf 81' lang='lat' dir='ltr'><strong>dolensque</strong></span> <span class='ocrx_word' id='word_1_362' title='bbox 1888 4191 2005 4243; x_wconf 76' lang='lat' dir='ltr'><strong>iugis</strong></span> <span class='ocrx_word' id='word_1_363' title='bbox 2031 4191 2114 4232; x_wconf 77' lang='lat' dir='ltr'><strong>etc.</strong></span> 
     </span>
    </p>
   </div>
   <div class='ocr_carea' id='block_1_5' title="bbox 368 4276 2709 4429">
    <p class='ocr_par' dir='ltr' id='par_1_5' title="bbox 368 4276 2709 4429">
     <span class='ocr_line' id='line_1_39' title="bbox 369 4276 2709 4347; baseline -0.001 -16"><span class='ocrx_word' id='word_1_364' title='bbox 369 4299 417 4333; x_wconf 83' lang='lat' dir='ltr'><strong>v.</strong></span> <span class='ocrx_word' id='word_1_365' title='bbox 453 4281 631 4347; x_wconf 83' lang='lat' dir='ltr'><strong>Stigel.</strong></span> <span class='ocrx_word' id='word_1_366' title='bbox 687 4281 744 4332; x_wconf 90' lang='lat' dir='ltr'><strong>T.</strong></span> <span class='ocrx_word' id='word_1_367' title='bbox 795 4281 837 4331; x_wconf 92' lang='grc' dir='ltr'><strong>Ι.</strong></span> <span class='ocrx_word' id='word_1_368' title='bbox 890 4280 921 4329; x_wconf 85' lang='lat' dir='ltr'><strong>f.</strong></span> <span class='ocrx_word' id='word_1_369' title='bbox 973 4280 1089 4331; x_wconf 83' lang='lat'><strong>378.</strong></span> <span class='ocrx_word' id='word_1_370' title='bbox 1159 4278 1235 4330; x_wconf 83' lang='lat' dir='ltr'><strong>cf.</strong></span> <span class='ocrx_word' id='word_1_371' title='bbox 1297 4280 1408 4332; x_wconf 72' lang='lat' dir='ltr'><strong>Clzr.</strong></span> <span class='ocrx_word' id='word_1_372' title='bbox 1463 4280 1803 4331; x_wconf 75' lang='lat' dir='ltr'><strong>Schuchardt.-</strong></span> <span class='ocrx_word' id='word_1_373' title='bbox 1856 4278 2023 4328; x_wconf 84' lang='lat' dir='ltr'><strong>Lucas</strong></span> <span class='ocrx_word' id='word_1_374' title='bbox 2076 4276 2304 4326; x_wconf 83' lang='lat' dir='ltr'><strong>Cranach</strong></span> <span class='ocrx_word' id='word_1_375' title='bbox 2360 4276 2429 4326; x_wconf 88' lang='lat' dir='ltr'><strong>H.</strong></span> <span class='ocrx_word' id='word_1_376' title='bbox 2484 4291 2535 4341; x_wconf 88' lang='lat' dir='ltr'><strong>p.</strong></span> <span class='ocrx_word' id='word_1_377' title='bbox 2589 4276 2709 4328; x_wconf 84' lang='lat'><strong>223.</strong></span> 
     </span>
     <span class='ocr_line' id='line_1_40' title="bbox 368 4363 1492 4429; baseline -0.001 -13"><span class='ocrx_word' id='word_1_378' title='bbox 368 4366 426 4429; x_wconf 81' lang='lat'><strong>¹⁰)</strong></span> <span class='ocrx_word' id='word_1_379' title='bbox 464 4366 521 4418; x_wconf 91' lang='lat' dir='ltr'><strong>T.</strong></span> <span class='ocrx_word' id='word_1_380' title='bbox 556 4367 653 4416; x_wconf 92' lang='lat' dir='ltr'><strong>III.</strong></span> <span class='ocrx_word' id='word_1_381' title='bbox 691 4366 727 4417; x_wconf 80' lang='lat' dir='ltr'><strong>f.</strong></span> <span class='ocrx_word' id='word_1_382' title='bbox 764 4367 829 4417; x_wconf 83' lang='lat'><strong>76</strong></span> <span class='ocrx_word' id='word_1_383' title='bbox 863 4381 911 4415; x_wconf 67' lang='lat' dir='ltr'><strong>V.</strong></span> <span class='ocrx_word' id='word_1_384' title='bbox 982 4363 1183 4413; x_wconf 83' lang='lat' dir='ltr'><strong>Obierat</strong></span> <span class='ocrx_word' id='word_1_385' title='bbox 1217 4363 1492 4415; x_wconf 84' lang='lat' dir='ltr'><strong>Bononiae.</strong></span> 
     </span>
    </p>
   </div>
  </div>
 </body>
</html>
