3499 5219
1296 412 1822 473 -57—

1097 678 1809 746 ADDITAMENTUM
1865 679 2017 745 ΙΙΙΙ.

1323 830 1388 880 ad
1423 844 1474 895 p.
1511 833 1577 884 36
1613 835 1664 881 et
1694 832 1782 882 42.

556 971 856 1046 Excerpta
912 967 1291 1046 epistolarum
1347 967 1577 1046 Stigelii
1636 974 1688 1028 1.
1739 973 1795 1028 2.
1846 973 1901 1029 3.
1961 972 2019 1028 01
2075 969 2452 1031 additamenti
2508 973 2592 1032 VI
2649 994 2725 1034 ex

383 1054 585 1115 codice
630 1055 815 1115 chart.
860 1055 937 1113 N.
988 1057 1103 1114 123
1152 1057 1210 1112 et
1259 1057 1369 1114 121
1419 1054 1493 1113 A.
1537 1053 1940 1113 Bibliothecae
1984 1054 2289 1115 Gothanae
2331 1057 2723 1120 Neudeclcero

379 1141 455 1200 V.
489 1140 577 1200 cl.
609 1140 815 1200 debeo.
889 1140 1315 1198 Intercesserat
1357 1138 1509 1197 enim
1550 1157 1661 1215 pro
1704 1157 1797 1197 me
1839 1138 1933 1197 vir
1975 1139 2356 1201 amicissimus
2392 1143 2727 1205 Eduardus

378 1225 598 1288 Iacobi
640 1225 1015 1285 concionator
1058 1223 1117 1283 S.
1162 1224 1239 1282 D.
1286 1223 1540 1284 Gothani
1584 1224 1829 1283 aulicus.
1908 1223 2123 1284 Codice
2167 1225 2352 1286 chart.
2396 1229 2465 1287 Β.
2510 1229 2586 1287 N.
2622 1235 2720 1291 28.

381 1311 568 1371 eiusd.
615 1310 755 1371 bibl.
800 1310 928 1386 ipse
972 1327 1114 1369 usus
1156 1325 1304 1369 sum.

912 1529 954 1579 1.
993 1525 1114 1578 Cod.
1153 1526 1312 1577 chart.
1350 1525 1571 1590 Gothan.
1607 1528 1666 1576 A.
1701 1525 1799 1575 No.
1840 1527 2039 1603 123,.Ρ.
2076 1528 2193 1581 285.

1009 1664 1062 1728 Ι.
1153 1662 1244 1727 Ia.
1294 1661 1592 1746 Stz‘yelz'us
1632 1661 1710 1726 P.
1755 1660 1972 1724 Ebero
2021 1660 2087 1726 S.

1116 1781 1268 1831 Ienae
1304 1780 1386 1831 die
1420 1780 1476 1829 11
1511 1778 1639 1829 Maii
1674 1782 1734 1830 A.
1769 1778 1983 1830 MDLX.

545 1938 624 1996 Et
666 1955 757 1996 me
800 1936 1086 2013 paulatim
1126 1936 1324 1996 atterit
1366 1939 1488 1995 tum
1532 1936 1741 1995 horum
1783 1938 2112 2012 temporum
2151 1938 2541 2019 perversitas,
2596 1944 2720 2000 tum

376 2040 508 2081 mea
550 2021 875 2099 indignatio
920 2025 979 2080 et
1020 2022 1220 2100 dolor,
1280 2039 1454 2098 quem
1494 2020 1596 2079 vix
1637 2021 1931 2100 sustineo,
1989 2021 2125 2080 dum
2175 2022 2364 2084 01111110
2420 2026 2718 2103 prospicio

375 2106 570 2167 omnia
625 2107 767 2166 satis
819 2107 880 2165 in
936 2107 1105 2183 peius
1159 2124 1335 2165 ruere
1390 2109 1449 2165 et
1504 2108 1664 2164 retro
1719 2106 2003 2183 sublapsa
2055 2106 2287 2167 referri.
2386 2110 2597 2187 Itaque
2653 2115 2719 2171 ut

374 2192 560 2252 debeo
604 2192 743 2270 tibi,
789 2192 1117 2251 doctissime
1161 2191 1344 2250 Paule
1361 2236 1377 2269 ,
1421 2190 1657 2250 adferre
1701 2191 2187 2271 consolationem,
2238 2192 2321 2252 ita
2362 2194 2534 2256 doleo
2577 2195 2719 2255 mihi

372 2276 487 2352 ipsi
529 2277 957 2339 consolationes
1001 2277 1225 2336 deesse.
1312 2276 1382 2335 In
1438 2276 1567 2336 sola
1618 2279 1814 2335 tamen
1868 2277 2170 2336 voluntate
2225 2276 2717 2354 acquiescendum

371 2362 541 2422 nobis
586 2380 715 2422 esse
758 2365 982 2440 statuo,
1027 2362 1152 2423 sine
1198 2379 1317 2438 qua
1359 2379 1469 2420 nec
1515 2360 1691 2437 capiti
1736 2361 1893 2437 pilus
1936 2361 2169 2421 decidit.
2213 2395 2301 2407 —-—
2340 2398 2427 2407 —
2470 2365 2587 2425 Sed
2628 2365 2713 2425 in-

369 2449 541 2507 tueor
581 2448 945 2507 voluntatem
985 2446 1133 2525 Dei,
1207 2445 1310 2522 qui
1351 2464 1441 2505 me
1497 2445 1686 2505 voluit
1738 2446 1962 2506 servire
2017 2446 2276 2527 patriae,
2350 2448 2574 2510 frustra
2627 2454 2716 2510 tot

369 2531 775 2593 occasionibus
829 2550 920 2591 me
977 2531 1053 2592 ad
1109 2531 1375 2591 diversos
1429 2530 1731 2607 principes
1801 2530 2201 2592 invitantibus.
2301 2532 2465 2594 Sicut
2533 2536 2715 2614 igitur

369 2636 608 2695 mergus
664 2623 842 2695 caput
896 2617 1094 2678 obiicit
1145 2618 1420 2680 fluctibus
1477 2620 1537 2676 01
1587 2617 1840 2677 mirabili
1904 2618 2075 2677 modo
2147 2625 2558 2701 conservatur,
2595 2622 2714 2697 ‚ita

367 2703 557 2763 laetor
600 2722 692 2762 me
734 2703 1013 2763 divinitus
1054 2703 1176 2780 tegi
1217 2702 1372 2761 inter
1413 2702 1542 2779 ipsa
1584 2702 1869 2778 pericula.
1943 2704 2095 2763 Puto
2136 2704 2249 2764 1100
2290 2707 2504 2766 mundo
2547 2711 2712 2766 uten-

370 2788 508 2848 dum
549 2791 831 2865 tanquam
875 2787 1202 2847 diversorio
1219 2833 1236 2866 ,
1290 2787 1352 2846 in
1396 2805 1514 2863 quo
1557 2787 1709 2847 011110
1754 2787 1854 2846 0111
1896 2789 1995 2848 vel
2037 2788 2221 2848 invito
2277 2790 2573 2851 cohabitet
2626 2793 2711 2851 in-

371 2873 746 2952 serviatque,
804 2873 1161 2949 praestanda
1219 2891 1347 2931 esse
1402 2871 1738 2931 necessaria
1780 2871 1976 2932 officia
2017 2877 2177 2933 recte
2222 2875 2298 2933 ad
2339 2875 2534 2936 Deum
2576 2896 2711 2936 con-

368 2958 648 3018 scientiae
692 2959 883 3018 anime
925 2961 1048 3018 toto
1093 2960 1273 3033 atque
1317 2957 1494 3016 corde
1536 2956 1768 3016 interim
1809 2958 1885 3016 ad
1919 2958 2344 3034 profectionem
2374 2965 2710 3038 comparato

365 3043 425 3103 in
469 3043 722 3120 patriam
763 3047 1081 3103 aeternam.
1140 3042 1312 3102 Hanc
1354 3042 1701 3101 sententiam
1740 3042 2014 3103 versibus
2043 3043 2522 3121 comprehensam
2546 3047 2711 3106 iuvat

363 3128 615 3190 subinde
671 3128 876 3188 audire
931 3146 968 3186 a
1022 3127 1226 3187 liberis
1282 3127 1425 3186 meis
1480 3127 1850 3186 decantatam
1904 3146 2153 3205 quorum
2210 3131 2542 3208 exemplum
2603 3131 2710 3191 tibi

365 3212 611 3294 subieci,
658 3232 833 3290 quem
875 3212 998 3272 scio
1042 3212 1259 3272 talibus
1302 3211 1525 3288 idylliis
1568 3212 1869 3278 delectari.

669 3365 1004 3441 Hospitium
1048 3368 1138 3424 est
1180 3364 1338 3424 orbis
1381 3369 1576 3424 terrae
1620 3365 1965 3424 mortalibus
2008 3366 2224 3445 aegris,

669 3450 1042 3527 Migrandum
1087 3452 1175 3510 est
1220 3450 1539 3525 aliquando
1582 3450 1716 3527 piis,
1761 3467 1879 3509 non
1923 3468 2154 3527 semper
2196 3449 2255 3510 in
2299 3452 2401 3511 1110

668 3535 1062 3614 Haerendum,
1110 3535 1266 3594 curis
1311 3534 1453 3610 quid
1493 3534 1767 3596 inanibus
1811 3535 2046 3611 angeris
2090 3536 2351 3613 hospes?

667 3621 778 3679 Ille
822 3619 996 3698 sapit,
1042 3621 1377 3696 quicunque
1416 3619 1556 3679 facit
1600 3619 1994 3696 quodcunque
2037 3639 2281 3681 necesse
2325 3624 2413 3681 est

668 3705 928 3781 Legibus
973 3708 1030 3763 et
1073 3705 1249 3784 vitae,
1293 3723 1403 3764 nec
1445 3704 1715 3764 sordidus
1760 3705 1983 3765 invidet
2025 3705 2151 3784 ulli,

666 3791 796 3850 Nec
839 3790 1021 3849 falsas
1063 3792 1314 3848 venatur
1356 3807 1519 3868 opes,
1565 3791 1670 3849 sed
1712 3790 1958 3850 sustinet
2001 3809 2229 3850 omnem

665 3876 875 3951 Aequo
922 3874 1110 3933 animo
1156 3878 1388 3955 sortem,
1434 3878 1627 3934 certus
1670 3893 1953 3952 superare
1996 3875 2261 3956 ferendO,

671 3960 884 4021 Certus
926 3959 987 4019 in
1030 3962 1305 4018 aeternae
1349 3960 1601 4037 patriam
1641 3960 1896 4036 migrare
1941 3961 2164 4021 salutis.

360 4112 476 4173 Sed
521 4111 670 4172 haec
712 4117 1017 4189 praestare
1061 4115 1127 4170 ut
1172 4114 1259 4171 est
1302 4110 1574 4192 difficile,
1649 4110 1760 4191 ita,
1833 4113 2144 4190 implorato
2202 4113 2400 4173 divino
2457 4113 2696 4193 auxilio,

358 4197 546 4258 sentio
591 4201 787 4257 tamen
833 4216 1010 4274 saepe
1052 4215 1143 4255 me
1188 4196 1536 4275 confirmari,
1581 4200 1639 4256 et
1682 4201 1748 4257 ut
1790 4198 1979 4258 levius
2022 4198 2209 4258 feram
2253 4216 2400 4259 onus
2429 4198 2697 4258 miseriae

358 4287 466 4343 etc.
512 4317 599 4327 —-
642 4283 967 4360 Epicedion
1013 4282 1408 4362 conscribam,
1466 4286 1530 4341 ut
1572 4282 1791 4363 debe0,
1849 4284 1922 4345 de
1967 4284 2217 4344 editione
2262 4286 2321 4343 et
2371 4283 2697 4359 epigraphe

357 4367 829 4429 deliberabimus.
