3499 5219
1719 442 2285 507 —118—

830 615 1111 698 erigatur
1164 614 1737 696 documentumque
1781 611 2106 697 publicum
2149 614 2543 693 proponatur
2584 608 2885 676 assiduae
2927 615 2995 673 et
3034 624 3183 692 pru-

830 710 1043 779 dentis
1085 713 1381 782 lectionis
1427 713 1878 797 diligentisque
1921 714 2291 797 scripturae.
2319 746 2407 759 -—
2448 709 2534 775 At
2576 710 2748 776 enim
2791 710 2901 793 qui
2943 710 3011 774 in
3055 709 3179 776 hoc

827 834 1065 897 genere
1123 818 1446 883 excellunt
1504 814 1850 882 admodum
1908 821 2055 881 sunt
2107 812 2327 897 pauci,
2400 812 2467 876 in
2521 811 2750 894 hisque
2805 810 3176 895 primarium

828 915 1038 981 locum
1109 936 1420 1000 occupare
1484 916 1923 983 Eichstadium
1994 921 2089 981 tot
2159 921 2308 980 sunt
2377 913 2747 980 testimonia
2808 920 2964 997 quot
3035 933 3174 996 pro-

825 1025 1181 1099 grammata
1243 1020 1525 1102 scripsit,
1600 1026 1755 1101 quot
1824 1017 2048 1083 habuit
2120 1016 2438 1082 orationes
2455 1063 2473 1097 ,
2547 1022 2702 1097 quot
2769 1016 2937 1081 vitas
3009 1034 3175 1079 com-

826 1119 1039 1202 posuit
1079 1126 1211 1184 tam
1247 1120 1697 1187 excellentium
1726 1118 2155 1203 professorum
2184 1138 2376 1200 quam
2402 1116 2740 1199 fautorum,
2785 1115 3169 1201 praesidum,

824 1221 1308 1305 principumque
1351 1222 1729 1288 nutritorum
1754 1222 1943 1288 huius
1973 1218 2361 1286 academiae.
2435 1220 2515 1284 In
2542 1219 2644 1284 his
2675 1219 2730 1284 si
2759 1221 2864 1285 vel
2893 1218 3171 1284 maxime

824 1323 997 1388 solas
1053 1322 1412 1406 scripsisset
1464 1324 1632 1390 vitas
1687 1323 2053 1388 tutelarium
2116 1322 2305 1387 huius
2375 1320 2748 1386 academiae
2817 1321 3167 1404 geniorum,

827 1424 958 1489 divi
1013 1423 1223 1489 Caroli
1267 1425 1566 1508 Augusti,
1623 1426 1871 1508 patriae
1925 1430 2184 1490 nostrae
2239 1422 2515 1504 roboris,
2575 1421 2835 1504 divique
2891 1421 3165 1503 Goethii,

824 1532 1181 1591 nostrarum
1239 1546 1449 1592 rerum
1521 1525 1873 1592 dulcissimi
1944 1524 2189 1591 decoris
2205 1573 2221 1606 ,
2297 1530 2778 1590 monumentum
2851 1523 3168 1606 exegisset

824 1628 1017 1710 longe
1101 1627 1551 1711 praestabilius
1629 1627 2097 1710 amabiliusque
2166 1647 2357 1709 quam
2430 1626 2485 1691 si
2555 1625 2926 1708 Octaviani,
3016 1625 3168 1691 furis

822 1727 1216 1813 reipublicae
1269 1746 1604 1811 romanae,
1673 1731 1782 1796 vel
1836 1728 2224 1795 Maecenatis
2280 1727 2727 1810 calamistrati,
2793 1725 3168 1809 quaesitoris

822 1830 1079 1913 Italiae,
1178 1830 1375 1912 vitas,
1474 1831 1914 1914 Pomponiano
1999 1829 2189 1896 modo
2276 1828 2685 1895 celebrasset.
2745 1864 2836 1874 --
2904 1828 2982 1893 In
3067 1828 3166 1894 his

821 1939 1036 1999 autem
1090 1931 1483 2015 argumentis
1537 1931 1709 1998 dicat
1764 1932 2030 1997 forsitan
2089 1931 2406 2015 quispiam
2463 1950 2593 1996 non
2647 1931 2876 1994 mirum
2928 1949 3073 1996 esse
3113 1931 3167 1996 si

820 2040 1044 2099 ornate
1090 2032 1336 2113 dixerit,
1385 2053 1596 2116 quum,
1644 2033 1725 2099 de
1761 2033 1991 2116 quibus
2020 2032 2269 2116 dixerit,
2315 2038 2694 2098 ornamenta
2721 2038 2939 2098 essent
2966 2032 3165 2097 cuivis

818 2135 1166 2219 scriptioni.
1255 2134 1395 2200 Etsi
1437 2135 1545 2202 vel
1587 2136 1867 2201 maxime
1909 2135 2032 2200 hoc
2072 2155 2294 2202 verum
2338 2141 2540 2217 esset,
2587 2133 2759 2217 quod
2802 2134 3164 2200 commenti-

820 2237 988 2302 cium
1047 2255 1189 2303 esse
1245 2256 1431 2302 nemo
1489 2237 1724 2319 nescit,
1798 2237 1956 2303 satis
2027 2238 2096 2301 in
2167 2236 2558 2319 argumentis
2609 2236 2717 2301 vel
2771 2235 3164 2302 tenuioribus

818 2339 1197 2405 monstravit
1225 2337 1632 2404 Eichstadius
1667 2345 1910 2421 quanta
1951 2338 2013 2404 ei
2053 2338 2208 2403 insit
2247 2338 2490 2420 ingenii
2534 2338 2831 2417 varietas,
2878 2344 2943 2403 et
2984 2337 3164 2419 quasi

818 2460 989 2506 vena
1030 2439 1266 2522 leporis
1311 2446 1375 2505 et
1416 2438 1788 2506 facetiarum
1832 2446 1898 2506 et
1940 2439 2185 2523 aliquid
2229 2446 2401 2505 certe
2445 2439 2638 2522 dixit,
2689 2445 2840 2522 apte
2883 2446 2948 2505 et
2981 2440 3163 2521 quasi

819 2541 1052 2607 decore
1093 2539 1180 2604 ad
1221 2540 1315 2605 rei
1360 2539 1756 2625 dignitatem,
1801 2531 1911 2606 ubi
1953 2541 2129 2625 aliis,
2176 2561 2248 2608 se
2291 2542 2580 2625 elingues
2622 2560 2765 2608 esse
2810 2560 3165 2625 aquamque

818 2644 941 2709 sibi
983 2644 1269 2725 haerere,
1323 2642 1653 2709 fatendum
1695 2644 1937 2711 fuisset.
2026 2646 2144 2711 Est
2185 2644 2357 2711 enim
2399 2646 2490 2709 ita
2531 2648 2900 2727 comparata
2941 2642 3166 2710 acade-

818 2744 1025 2810 micae
1068 2742 1471 2827 eloquentiae
1513 2744 1695 2827 rati0,
1752 2752 1841 2827 ut,
1893 2745 2019 2810 nisi
2062 2746 2274 2812 subita
2315 2746 2631 2830 quaedam
2673 2753 2867 2828 atque
2906 2745 3164 2811 fortuita

817 2853 1195 2929 argumenta
1247 2845 1458 2929 ipsum
1514 2852 1767 2930 tempus
1823 2846 2360 2931 suppeditaverit,
2415 2868 2518 2914 res
2574 2849 2948 2931 plerumque
3002 2848 3163 2914 cele-

818 2946 1104 3014 brandae
1160 2948 1318 3031 sint,
1393 2968 1556 3030 quae
1627 2950 1770 3015 sine
1839 2949 2091 3033 magnis
2153 2950 2609 3016 mutationibus
2664 2948 2875 3016 redire
2933 2950 3159 3015 solent.

819 3050 1250 3116 Vehementer
1292 3049 1464 3116 enim
1505 3050 1672 3117 inter
1712 3070 1785 3117 se
1829 3050 2070 3118 distare
2111 3051 2541 3134 eloquentiam
2579 3050 2855 3134 civilem,
2900 3070 3066 3134 quae
3094 3052 3160 3117 in

817 3153 1021 3219 solem
1049 3170 1126 3217 ac
1153 3152 1486 3235 pulverem
1514 3152 1686 3218 vitae
1714 3152 1974 3237 prodire
2001 3153 2177 3219 iubet
2206 3159 2542 3234 oratorem,
2587 3158 2653 3218 et
2683 3153 2851 3218 hanc
2878 3159 3159 3220 nostram

818 3246 1270 3336 academicam,
1315 3273 1480 3336 quae
1522 3254 1591 3318 in
1635 3254 1862 3320 umbra
1889 3254 2219 3320 doctorum
2252 3254 2627 3321 delitescere
2654 3254 2917 3337 cogitur,
2960 3256 3161 3322 nolite

817 3375 861 3421 a
899 3375 1005 3422 me
1048 3356 1433 3421 commoneri
1475 3356 1667 3437 velle,
1712 3354 2056 3421 auditores.
2142 3355 2276 3422 Sed
2316 3357 2478 3423 haec
2507 3357 2723 3421 omnia
2749 3356 2841 3421 ita
2866 3357 3161 3422 tractavit

816 3455 1224 3524 Eichstadius
1281 3462 1352 3521 ut
1406 3476 1522 3522 suo
1578 3463 1830 3523 oratore
1878 3458 2058 3522 nullo
2100 3477 2232 3522 non
2276 3463 2561 3541 tempore
2601 3457 2979 3540 gloriaretur
3021 3478 3159 3523 aca-

817 3558 1049 3624 demia.
1107 3557 1318 3639 Atque
1347 3564 1417 3623 ut
1443 3578 1573 3624 uno
1603 3558 1801 3625 verbo
1828 3565 2028 3624 totam
2057 3578 2192 3625 rem
2221 3559 2790 3642 comprehendam:
2836 3565 2900 3625 et
2931 3578 3161 3642 aequa·

817 3659 988 3725 libus
1031 3658 1338 3725 satisfecit
1380 3666 1447 3725 et
1484 3659 1731 3741 gloriae
1774 3679 1930 3726 suae
1973 3661 2301 3744 prospexit
2340 3660 2515 3744 apud
2556 3661 3011 3743 posteritatem.

931 3757 938 3764 ”
986 3759 1119 3827 Sed
1157 3759 1309 3824 dum
1353 3761 1489 3827 eius
1518 3760 1949 3842 eloquentiam
1977 3761 2299 3845 praedico,
2344 3781 2585 3844 vereor,
2630 3781 2715 3828 ne
2740 3762 2926 3828 vobis
2953 3762 3158 3846 ipsam

817 3861 1339 3929 Eichstadianam
1382 3861 1749 3927 facundiam
1791 3862 2103 3930 invidisse
2144 3863 2383 3929 videar.
2474 3862 2644 3929 Satis
2699 3863 2968 3930 audistis
3021 3884 3159 3948 pro-

817 3965 1053 4049 logum,
1078 3982 1265 4047 quem
1294 3963 1555 4028 brevem
1586 3982 1728 4029 esse
1761 3963 1945 4030 decet
1972 3965 2351 4048 praesertim
2381 3985 2574 4047 quum
2601 3964 2811 4032 iussus
2835 3965 2918 4032 sit
2945 3964 3159 4032 brevis

818 4085 981 4148 esse,
1024 4062 1381 4130 audiendus
1424 4083 1593 4130 nunc
1635 4065 1777 4149 ipse
1818 4064 2226 4132 Eichstadius
2271 4072 2385 4132 est.
2465 4066 2691 4149 Itaque
2736 4066 2887 4132 dum
2928 4066 3157 4133 festum
3214 4061 3218 4066 ’

816 4168 988 4232 hunc
1030 4165 1201 4233 diem
1241 4168 1400 4231 Tim
1443 4184 1526 4231 ex
1567 4166 1783 4232 animo
1826 4167 2239 4250 gratulamur,
2285 4166 2650 4234 doctissime
2693 4168 3046 4251 Eichstadi,
3090 4175 3158 4235 ut

815 4269 1052 4351 fauste,
1109 4268 1377 4334 feliciter
1430 4287 1862 4351 prospereque
1903 4270 2062 4334 Trssl
2118 4269 2373 4335 eveniat
2426 4289 2788 4352 precamur,
2845 4270 3158 4354 simulque

816 4376 888 4436 ut
938 4390 1043 4437 res
1084 4372 1268 4437 TuAs
1313 4371 1488 4434 Deus
1531 4368 1908 4435 immortalis
1964 4369 2055 4435 ita
2112 4377 2444 4438 conservet
2501 4377 2569 4436 ut
2626 4371 2918 4440 fortunae
2971 4372 3161 4439 huius
