3499 5219
1309 461 1440 469 -—-
1532 430 1642 490 151
1747 465 1876 471 w*—

416 592 723 673 XLVIII,
770 595 898 669 39.)
958 600 1024 659 et
1082 600 1307 677 postea
1364 596 1555 661 etiam
1606 615 1749 660 cum
1792 597 1860 660 in
1904 595 2129 662 Cilicia
2170 597 2539 662 conveniret
2583 595 2764 663 Cleo·

411 702 666 777 patram
722 694 805 759 ab
863 695 1090 761 incolis
1147 696 1426 779 regionis
1482 704 1887 780 comparatus
1944 704 2043 763 est
2082 716 2226 762 cum
2270 698 2525 763 Baccho
2542 746 2558 779 ,
2618 699 2760 782 ipsa

413 794 762 880 Cleopatra
832 816 974 863 cum
1034 796 1285 864 Venere
1359 798 1546 878 (Plut.
1606 799 1757 864 Ant.
1831 802 1957 863 26..
2020 797 2197 866 Cass.
2255 799 2402 865 Dio.
2460 799 2534 881 L,
2610 803 2757 876 25.).
2802 832 2819 853 x

415 894 807 964 Octavianus
863 905 1078 964 autem
1111 898 1482 977 ‚seeundum
1523 900 1915 967 Suetonium·
1956 899 2179 966 ‘forma
2234 900 2354 967 fuit
2409 900 2647 967 eximia
2697 908 2761 968 et

413 1019 534 1083 per
576 1019 797 1065 omnes
840 1001 1071 1067 aetatis
1111 1000 1346 1084 gradus
1386 1002 1839 1068 venustissima
1854 1003 1934 1084 ¹)’,
1985 1001 2156 1084 quod
2198 1002 2394 1086 plane
2435 1003 2761 1087 conspirat

412 1121 561 1167 cum
618 1100 859 1167 ultimis
912 1103 1126 1168 verbis
1183 1104 1482 1170 carminis
1497 1152 1514 1186 ,
1583 1104 1667 1170 de
1723 1123 1849 1186 quo
1905 1103 2133 1186 agitur.
2219 1103 2552 1170 Accedunt
2605 1105 2755 1181 alia.

414 1203 667 1268 Inimici
723 1200 1090 1286 Octaviani,
1162 1205 1582 1288 inprimisque
1635 1205 1983 1286 Antonius,
2058 1206 2430 1288 plerumque
2491 1227 2754 1290 puerum

415 1324 562 1371 eum
638 1303 938 1370 dicebant
951 1306 995 1382 2)
1011 1353 1027 1386 ,
1103 1307 1325 1389 ‘qualis
1401 1308 1506 1373 hic
1578 1306 1772 1373 etiam
1795 1346 1822 1371 .
1843 1306 1927 1371 ab
1998 1305 2266 1372 Horatio
2335 1305 2757 1393 introducitur

414 1406 779 1486 Nearchus,
839 1425 968 1471 non
1026 1408 1094 1472 in
1137 1409 1585 1474 contumeliam
1630 1407 1965 1475 Octaviani
2023 1406 2140 1473 sed
2196 1407 2282 1473 ad
2341 1409 2755 1493 comproban-

412 1508 566 1573 dum
612 1508 819 1590 qualis
861 1507 1113 1574 indoles
1158 1516 1327 1576 esset
1369 1510 1506 1576 eius
1550 1529 1737 1593 quem
1781 1517 2087 1592 tanquam
2129 1529 2396 1593 puerum
2428 1510 2582 1576 olim
2611 1531 2756 1577 con·

410 1611 844 1693 tempsissent.
917 1610 1144 1695 Neque
1184 1611 1532 1677 abhorrent
1574 1630 1741 1694 quae
1781 1610 1963 1675 initio
2007 1609 2172 1677 odae
2203 1611 2497 1677 dicuntur
2525 1623 2754 1698 quanto

408 1732 659 1774 moveas
695 1712 937 1796 periclo
988 1710 1291 1776 Gaetulae
1335 1713 1399 1790 (i.
1446 1732 1501 1778 e.
1546 1712 1912 1789 Africanae)
1970 1713 2208 1775 catulos
2256 1713 2506 1776 leaenae
2548 1713 2632 1780 ab
2676 1733 2754 1781 eo

411 1812 701 1878 convicio
718 1861 734 1894 ,
794 1813 965 1896 quod
1021 1814 1089 1878 in
1140 1812 1476 1879 Octaviani
1535 1814 1846 1897 originem
1904 1813 2227 1896 quondam
2282 1814 2519 1881 iecerat
2559 1815 2758 1882 Anto·

410 1915 575 1981 nius.
648 1915 754 1980 Sic
785 1916 953 1981 enim
984 1915 1324 1982 Suetonius
1337 1915 1415 1992 3);
1461 1916 1773 1979 Antonius
1815 1916 2156 2000 despiciens
2198 1916 2382 1978 etiam
2409 1926 2752 1980 maternam

413 2017 688 2098 Auyuste‘
738 2019 1040 2099 originem
1091 2037 1396 2101 proavum
1450 2018 1581 2078 eius
1632 2015 1796 2098 Afri
1841 2018 2082 2099 generis
2120 2016 2336 2099 ‚sutis-se
2389 2019 2750 2083 iactaverat.

409 2117 601 2197 Quod
641 2118 769 2183 iam
812 2119 879 2183 in
922 2118 1180 2184 laudem
1223 2117 1559 2184 Octaviani
1614 2119 1927 2183 convertit
1968 2119 2270 2185 Horatius
2315 2120 2498 2200 quasi
2542 2121 2754 2188 dicere

409 2220 734 2286 videatur:
794 2221 926 2302 Tu,
970 2220 1244 2301 Antoni,
1291 2221 1400 2303 qui
1442 2219 1581 2285 Afri
1621 2220 1879 2303 generis
1923 2220 2074 2284 olim
2119 2240 2262 2286 6666
2307 2221 2526 2287 dixisti
2568 2220 2753 2288 Octa-

412 2322 705 2403 vianum,
766 2322 894 2386 iam
953 2321 1161 2387 disces
1217 2328 1326 2386 tuo
1384 2322 1682 2404 exemplo
1725 2321 1781 2387 si
1822 2320 2167 2388 Africanae
2223 2321 2412 2389 fuerit
2469 2324 2749 2408 originis,

407 2431 628 2489 tamen
686 2424 935 2485 leaenae
990 2422 1333 2499 Africanae
1389 2443 1531 2490 esse
1583 2422 2023 2508 propaginem.
2120 2424 2335 2489 Etiam
2392 2426 2460 2490 in
2519 2446 2595 2492 eo
2654 2434 2752 2493 est

405 2525 655 2609 aliquid
696 2524 1052 2591 blanditiae
1093 2524 1265 2608 quod
1306 2524 1628 2606 Horatius,
1673 2544 2057 2607 quamquam
2100 2526 2456 2611 Agrippam
2501 2526 2751 2594 dixerat

407 2636 603 2694 antea
660 2628 820 2693 dura
871 2628 1120 2713 proelia
1172 2627 1565 2693 commisisse
1614 2627 2069 2710 obstantesque
2111 2629 2414 2694 iuvenum
2458 2637 2749 2697 catervas

409 2731 674 2796 Antonii
727 2730 1092 2813 perrupisse
1157 2729 1611 2811 obsessumque
1683 2729 1865 2811 quasi
1924 2728 2345 2796 Octavianum
2417 2731 2745 2814 liberasse,

408 2839 626 2898 tamen
669 2830 1091 2897 Octavianum
1135 2850 1248 2896 seu
1292 2829 1654 2895 Nearchum
1703 2831 1913 2913 ipsum
1956 2832 2263 2896 arbitrum
2307 2852 2564 2915 pugnae
2607 2854 2748 2900 esse

408 2934 601 3015 idque
645 2933 1001 2999 ostendisse
1045 2952 1119 2997 eo
1165 2931 1336 3014 quod
1379 2932 1497 2997 sub
1541 2931 1709 3014 pede
1759 2933 2041 3015 palmam
2084 2934 2388 2998 victoriae
2444 2937 2743 3018 posuerit,

409 3036 592 3119 quasi
652 3034 839 3114 deus,
915 3053 1297 3117 prorsusque
1368 3052 1625 3098 securus
1698 3032 1781 3098 (16
1838 3040 2072 3098 eventu
2129 3054 2384 3117 pugnae
2442 3037 2747 3119 vultuque

407 3137 751 3219 tranquillo
809 3155 886 3200 ac
943 3137 1229 3212 sereno“)
1288 3135 1355 3198 in
1413 3155 1657 3199 summo
1717 3135 1999 3217 periculo
2057 3136 2233 3200 velut
2291 3137 2468 3201 aliud
2525 3158 2742 3220 agens·

409 3240 620 3304 Etiam
663 3238 792 3302 alia
823 3235 1137 3319 quaedam
1167 3237 1260 3301 sic
1294 3237 1522 3302 melius
1553 3236 1971 3320 explicantur,
2017 3242 2085 3301 ut
2114 3236 2309 3302 illud:
2355 3238 2470 3300 tibi
2503 3240 2745 3323 praeda

408 3340 592 3401 cedat
643 3340 873 3410 maior,
933 3359 1012 3400 an
1070 3340 1191 3409 illi,
1253 3336 1425 3420 quod
1481 3338 1536 3403 si
1593 3338 1674 3403 (16
1732 3358 1851 3400 uno
1897 3336 2196 3400 Nearcho
2250 3340 2317 3403 in
2366 3346 2746 3421 potestatem

408 3440 757 3524 redigendo
802 3439 1198 3521 intelligatur
1239 3460 1367 3504 non
1399 3439 1554 3505 satis
1581 3447 1754 3505 recte
1783 3439 2102 3522 dicitur⁵);
2146 3439 2263 3504 sed
2305 3440 2358 3504 si
2405 3438 2485 3505 (16
2529 3462 2747 3525 pugna

406 3544 684 3627 quadam
730 3541 1119 3607 exercituum
1165 3542 1605 3606 cruentissima
1647 3561 1752 3606 res
1795 3541 2022 3623 agitur,
2066 3540 2135 3605 in
2172 3560 2299 3622 qua
2327 3542 2567 3606 utravis
2595 3564 2745 3626 pars

410 3646 800 3712 exercituum
833 3643 1205 3724 identidem,
1253 3641 1442 3706 modo
1486 3643 1590 3708 hic
1633 3642 1823 3707 modo
1867 3642 2020 3723 illic,
2067 3642 2353 3724 superior
2396 3661 2538 3708 esse
2581 3645 2746 3711 solet

405 3747 623 3828 alteri,
688 3745 892 3810 donec
934 3764 1038 3810 res
1081 3744 1226 3828 ipsa
1267 3764 1392 3808 uno
1435 3744 1564 3809 ictu
1606 3742 1960 3824 conficitur,
2020 3743 2368 3808 rectissime
2419 3764 2489 3810 se
2529 3745 2741 3812 habet.

405 3849 574 3913 Nam
622 3848 861 3931 praeda
922 3847 1124 3908 maior
1180 3846 1351 3910 idem
1411 3853 1508 3911 est
1549 3865 1625 3909 ac
1668 3846 1722 3910 si
1769 3845 2035 3910 dixisset
2071 3846 2346 3928 plurima
2383 3847 2587 3929 spolia
2636 3850 2740 3914 vel

403 3950 589 4032 quasi
630 3949 863 4033 opima.
930 3948 1157 4029 Neque
1185 3945 1602 4011 omittendum
1633 3951 1729 4011 est
1759 3968 1862 4006 res
1890 3966 2120 4029 rapere
2152 3951 2235 4024 (v.
2269 3950 2332 4022 4)
2363 3953 2427 4012 et
2455 3958 2741 4031 repetere

817 4111 1008 4118 ...ω-..-

542 4205 574 4264 ¹)
614 4204 751 4251 suet.
789 4201 957 4250 Oetav.
996 4183 1131 4263 Aug‘
1164 4203 1243 4251 79.
1382 4199 1419 4263 ²)
1456 4198 1558 4248 cio.
1595 4198 1727 4248 Pha.
1766 4199 1864 4256 111,
1901 4200 1948 4249 2.
1985 4198 2048 4246 ad
2086 4198 2228 4249 Fam.
2262 4198 2328 4261 Χ,
2365 4201 2446 4251 28.
2495 4198 2614 4261 ΧΠ,
2653 4202 2735 4252 25.

401 4287 467 4337 ad
515 4290 619 4337 Att.
667 4285 815 4345 XVI,
857 4288 935 4336 11.
988 4284 1137 4348 XVI,
1186 4286 1263 4337 15.
1399 4284 1435 4345 ³)
1485 4285 1613 4346 Aug.
1650 4286 1697 4333 4.
1837 4282 1875 4342 ⁴)
1925 4282 2064 4333 Suet.
2102 4285 2231 4347 Aug.
2270 4284 2350 4334 79.
2489 4284 2523 4346 ⁵)
2571 4284 2736 4338 Quare

401 4373 609 4423 fuerunt
645 4372 734 4435 qui
770 4370 1078 4421 scriberent:
1115 4369 1213 4418 tibi
1248 4367 1434 4433 praeda
1467 4368 1628 4428 cedat,
1664 4369 1825 4416 maior
1858 4382 1920 4417 an
1959 4366 2063 4417 illa.
