3499 5219
1279 430 1844 502 2-4—155—

387 601 587 668 etiam
616 603 943 669 Prisciano
988 591 1169 680 (Inst.
1200 605 1284 686 X,
1319 608 1382 681 3)
1426 607 1535 688 qui
1576 606 2000 689 fragmentum
2044 606 2366 688 quoddam
2412 607 2734 674 Ciceronis

386 724 472 770 ex
518 702 889 771 laudatione
934 703 1198 773 Catonis
1247 708 1330 773 ab
1386 707 1515 773 alio
1557 709 1971 790 grammatico
2014 709 2360 792 sumpsisse
2402 708 2655 775 videtur
2669 711 2731 786 ¹).

561 806 857 874 Mirabile
901 814 998 874 est
1052 810 1437 891 paucissima
1494 816 1741 875 tantum
1795 810 2152 893 fragmenta
2204 811 2393 877 huius
2445 810 2593 876 libri
2645 809 2733 879 ad

385 929 510 974 nos
554 911 945 993 pervenisse,
991 930 1255 993 quorum
1297 912 1569 978 alterum
1597 911 1793 977 habet
1819 912 2176 978 Macrobius
2206 912 2484 991 (Saturn.
2502 913 2612 995 VI,
2647 914 2731 993 2),

387 1030 473 1075 ex
516 1013 861 1094 prooemi0‚
908 1018 976 1077 ut
1017 1012 1299 1079 videtur:
1344 1012 1774 1096 Contingebat
1813 1014 1881 1078 in
1925 1033 2001 1080 eo
2047 1013 2339 1092 (Catone)
2384 1015 2555 1097 quod
2599 1015 2732 1099 ple·

386 1112 605 1195 risque
648 1121 867 1179 contra
908 1115 1102 1196 solet,
1165 1121 1235 1179 ut
1286 1115 1532 1181 maiora
1585 1116 1801 1181 omnia
1855 1135 2045 1197 quam
2100 1116 2274 1183 fama
2330 1116 2729 1183 viderentur:

389 1214 457 1279 id
501 1214 673 1297 quod
715 1236 847 1281 non
888 1234 1084 1299 saepe
1127 1217 1372 1297 evenit,
1417 1224 1486 1282 ut
1528 1217 1921 1301 exspectatio
1963 1218 2365 1300 cognitione,
2418 1238 2604 1287 aures
2645 1218 2730 1283 ab

387 1318 591 1383 oculis
650 1317 1128 1401 vincerentur;“
1182 1319 1452 1384 alterum
1507 1319 1871 1385 Priscianus
1928 1320 2158 1394 (Instit.
2203 1321 2300 1401 X,
2348 1324 2443 1396 3):
2501 1322 2731 1403 „Igno-

391 1426 603 1484 turum
644 1420 864 1502 alteri,
910 1419 1080 1502 quod
1122 1426 1401 1503 patrem,
1446 1421 1632 1487 alteri
1676 1422 1848 1504 quod
1889 1428 2160 1487 tutorem
2203 1428 2454 1489 secutus
2498 1420 2730 1488 esset.“

385 1521 577 1600 Quod
620 1528 718 1587 est
758 1522 933 1605 apud
976 1522 1258 1588 Gellium
1303 1522 1407 1602 (N.
1437 1524 1516 1588 A.
1546 1523 1733 1605 XIII,
1784 1526 1882 1601 19)
1928 1544 2060 1588 non
2101 1524 2377 1607 pertinet
2418 1523 2504 1588 ad
2546 1543 2731 1606 argu·

388 1630 673 1688 mentum
727 1623 968 1706 ipsum,
1044 1623 1241 1689 dubia
1309 1631 1523 1691 autem
1577 1632 1728 1691 sunt
1780 1626 1983 1691 verba
2038 1625 2213 1710 apud
2267 1624 2397 1691 Cic.
2455 1625 2542 1691 ad
2598 1626 2727 1690 Att.

387 1725 575 1807 XIII,
623 1729 733 1790 27:
780 1745 1144 1809 quanquam
1190 1726 1271 1792 de
1314 1726 1625 1790 Parthico
1667 1726 1843 1792 bello
1887 1734 2006 1793 etc.

558 1829 658 1894 De
704 1828 1023 1893 Ciceronis
1070 1827 1313 1895 Catone
1368 1830 1460 1895 sic
1515 1828 1680 1894 dixit
1735 1829 2123 1895 Niebuhrius
2181 1828 2517 1912 (Vortrage
2572 1830 2730 1895 tiber

385 1930 700 1995 romische
745 1930 1126 1996 Geschichte
1170 1952 1231 1995 v.
1268 1933 1351 1997 M.
1384 1932 1548 1998 Isler
1590 1931 1708 2013 ΙΙΙ,
1754 1952 1817 2015 p.
1865 1934 2003 2007 67):
2047 1930 2276 2012 „Nach
2307 1930 2516 1997 Cato's
2546 1930 2728 1997 Tode

384 2032 637 2097 schrieb
670 2031 889 2098 Cicero
934 2033 1039 2098 die
1081 2033 1415 2099 bertihmte
1456 2032 1741 2098 laudatio
1786 2034 1870 2101 Μ.
1903 2030 2164 2098 Catonis
2191 2068 2277 2078 -
2304 2034 2521 2099 wollte
2555 2033 2727 2113 Gott,

386 2135 503 2199 wir
559 2134 780 2200 hatten
836 2135 931 2200 sie
947 2182 963 2215 ‚
1036 2134 1154 2199 wir
1208 2134 1474 2200 wurden
1535 2135 1723 2200 darin
1781 2133 2050 2200 Cicero's
2119 2135 2439 2218 eigenstes
2493 2134 2728 2199 Crefuhl

384 2236 565 2300 recht
619 2237 953 2302 erkennen
1009 2238 1307 2302 konnen!
1394 2237 1591 2303 Diese
1647 2237 1884 2303 Schrift
1940 2236 2155 2300 macht
2211 2237 2455 2302 sowohl
2508 2235 2727 2302 Cicero

383 2337 535 2403 sehr
587 2357 808 2420 grosse
851 2339 1023 2405 Ehre
1039 2387 1055 2420 ,
1116 2338 1267 2405 dass
1309 2358 1379 2404 er
1422 2338 1550 2405 den
1592 2339 1772 2404 Muth
1815 2339 2023 2421 hatte,
2086 2339 2180 2404 sie
2234 2359 2313 2403 zu
2369 2326 2724 2431 schreiben‚

389 2439 489 2504 als
517 2439 680 2503 auch
713 2437 928 2521 Casar²
976 2440 1127 2507 dass
1171 2460 1240 2507 er
1282 2440 1376 2506 sie
1403 2440 1744 2525 geduldet3
1787 2461 1939 2505 man
1968 2440 2136 2507 sieht
2162 2441 2286 2507 wie
2315 2440 2726 2524 unbefangen

385 2560 538 2604 man
580 2561 667 2605 an
712 2540 940 2608 Casars
984 2542 1538 2626 Grossherzigkeit
1577 2541 1904 2627 glaubte.“

555 2644 740 2708 Multi
802 2653 1018 2711 tamen
1077 2644 1399 2711 Ciceronis
1465 2647 1770 2729 aequales
1826 2647 2014 2712 aliter
2068 2650 2421 2712 senserunt.
2510 2644 2726 2711 Veluti

384 2747 526 2829 ipse
567 2747 680 2812 ille
721 2747 984 2830 Brutus,
1042 2748 1152 2830 qui
1205 2747 1292 2811 ad
1345 2748 1753 2814 scribendum
1798 2747 2163 2813 Ciceronem
2216 2746 2507 2830 inprimis
2550 2746 2727 2812 insti·

380 2855 682 2931 gaveiat,
736 2850 955 2932 paullo
999 2855 1145 2932 post
1186 2850 1384 2914 alium
1434 2848 1722 2914 Catonem
1767 2850 2170 2933 conscripsit,
2228 2870 2351 2931 quo
2396 2849 2598 2913 multa
2639 2849 2724 2914 ab

386 2950 692 3015 Cicerone
736 2958 997 3016 narrata
1041 2951 1383 3034 corrigeret
1429 2951 1765 3036 ipsumque
1809 2950 2117 3017 Catonem
2161 2951 2420 3032 meliuS‚
2477 2956 2547 3015 ut
2602 2950 2729 3015 sibi

385 3053 744 3134 videbatur,
790 3052 1217 3118 adumbraret.
1303 3053 1481 3119 Haec
1526 3053 1675 3117 dum
1717 3054 1876 3136 legit
1918 3051 2168 3134 Cicero,
2214 3060 2283 3118 ut
2325 3058 2463 3117 erat
2503 3050 2725 3116 lauda·

381 3155 578 3220 tionis
623 3154 1099 3237 cupidissimus,
1158 3155 1385 3219 mirum
1438 3155 1506 3220 in
1562 3155 1821 3220 modum
1879 3155 2117 3220 exarsit
2161 3160 2245 3235 (v.
2291 3153 2418 3219 Cic.
2462 3152 2548 3218 ad
2591 3153 2720 3218 Att.

388 3257 540 3338 XII,
588 3259 726 3337 21),
789 3257 881 3322 sic
937 3258 1106 3323 enim
1163 3256 1324 3322 dixit
1379 3264 1633 3340 praeter
1686 3256 1851 3321 alia:
1908 3257 2028 3322 Hic
2071 3257 2349 3334 (Brutus)
2395 3262 2607 3320 autem
2652 3274 2723 3321 se

383 3356 580 3425 etiam
640 3360 919 3425 tribuere
973 3360 1241 3423 multum
1297 3359 1454 3424 mihi
1507 3366 1719 3443 putat,
1778 3358 1949 3441 quod
2005 3357 2355 3440 scripserit:
2427 3359 2721 3441 optimum

384 3461 711 3523 consulem.
799 3461 1062 3528 Praeter
1106 3462 1369 3525 Brutum
1422 3469 1637 3528 tamen
1688 3462 1881 3527 etiam
1923 3460 2008 3525 M.
2053 3459 2291 3524 Fabius
2337 3459 2561 3524 Gallus
2606 3456 2722 3525 Ca-

383 3571 600 3629 tonem
658 3563 910 3646 scripsit
954 3562 1106 3640 (Cic.
1151 3562 1331 3628 Fam.
1378 3563 1530 3644 VII,
1587 3568 1690 3639 24)
1748 3563 1986 3644 aliique
2041 3581 2155 3626 suo
2202 3559 2465 3643 quisque
2507 3560 2718 3642 mod0,

384 3665 466 3731 de
525 3665 754 3747 quibus
800 3663 1018 3731 Cicero
1065 3665 1265 3743 (Fam.
1312 3665 1468 3748 VII,
1532 3669 1634 3741 25)
1694 3664 2007 3746 cogitasse
2061 3662 2313 3727 videtur
2368 3682 2557 3746 quum
2613 3662 2719 3728 ob·

379 3788 566 3834 scure
626 3767 894 3832 diceret:
951 3767 1263 3848 ‚‚Vereor‚
1323 3788 1406 3834 ne
1450 3769 1509 3829 in
1563 3765 1851 3830 Catonem
1903 3763 2233 3829 Catom‘nos
2274 3800 2359 3809 —-
2403 3764 2467 3843 (i.
2515 3783 2567 3830 e.
2615 3784 2719 3830 ex-

381 3869 805 3955 periamur),“
862 3869 930 3933 in
986 3869 1215 3951 quibus
1266 3867 1583 3932 Calom‘um
1632 3889 1702 3934 se
1743 3869 1952 3954 ipsum
1996 3866 2325 3948 intelligit,
2391 3863 2720 3929 Catom'nos

382 3993 534 4038 vero
580 3973 763 4053 alios,
809 3971 991 4054 quasi
1034 3973 1337 4055 parvulos
1368 3970 1663 4052 CatoneS‚
1709 3970 1752 4034 i.
1784 3989 1839 4034 e.
1883 3967 2198 4033 inferioris
2237 3968 2481 4049 ingenii
2522 3968 2718 4032 homi-

382 4094 518 4158 nes,
565 4074 674 4157 qui
719 4072 1024 4139 Catonem
1069 4094 1251 4138 suum
1295 4073 1607 4157 corrigere
1649 4073 1890 4137 vellent
1935 4078 1999 4135 et
2041 4069 2463 4145 emendare2).

521 4315 553 4367 ¹)
591 4314 792 4365 blaiore
827 4312 957 4377 quod
994 4308 1239 4375 praebent
1274 4310 1469 4361 codices
1506 4310 1713 4359 seclusit
1733 4309 1805 4358 M.
1823 4308 2076 4359 Hertzius.
2195 4306 2232 4364 ἰ
2268 4306 2430 4356 Aliter
2464 4304 2718 4358 intellexit

377 4398 639 4451 Ciceronis
676 4398 826 4447 verba
862 4393 1168 4445 subobscura
1204 4397 1522 4445 Drumannus
1559 4395 1702 4445 Rom.
1741 4394 1921 4444 Gesch.
1959 4394 2057 4453 ΙΙΙ,
2092 4408 2143 4458 p.
2174 4395 2288 4445 760.
