3499 5219
787 597 1151 658 nostrorum
1187 588 1510 669 iuvenum,
1558 588 1699 669 quis
1741 594 1839 653 est
1883 586 1992 669 qui
2035 584 2274 668 neget?
2323 587 2570 652 Tamen
2613 586 2734 650 hoc
2774 586 3129 652 institutum

792 690 1209 760 desuetudine
1235 688 1411 773 apud
1436 710 1555 755 nos
1582 692 1958 773 abrogatum
1985 709 2242 773 prorsus
2262 688 2504 770 fuisset,
2549 689 2675 754 nisi
2702 689 3131 755 munificentia

788 794 1047 879 Iosephi
1087 793 1286 858 Ducis
1314 793 1844 874 Altenburgensis
1889 790 2292 858 Serenissimi
2335 790 2831 873 academiaeque
2874 798 3129 859 nostrae

782 895 1238 988 ,studiosissimi
1280 915 1475 959 unam
1519 901 1688 960 certe
1717 894 2157 976 quaestionem
2189 893 2273 958 de
2314 892 2592 958 naturali
2635 892 2900 958 historia
2931 894 3128 960 Vobis

789 996 1274 1081 proponendam
1303 1002 1764 1061 conservasset.
1830 995 2017 1074 Quod
2047 996 2412 1078 exemplum
2443 994 2697 1078 egregie
2725 995 2956 1060 imitati
2986 1002 3129 1060 sunt

788 1099 1024 1184 privati
1052 1098 1313 1181 quidam
1341 1098 1480 1176 viri,
1528 1117 1794 1179 quorum
1822 1098 2085 1162 nomina
2114 1116 2216 1162 me
2245 1096 2511 1161 reticere
2537 1097 2713 1163 iubet
2741 1098 2885 1180 ipsa
2913 1117 3128 1163 eorum

789 1200 1123 1266 modestia.
1226 1201 1479 1264 Novum
1543 1207 1760 1264 autem
1813 1219 2023 1265 rerum
2081 1199 2369 1264 ordinem
2432 1200 2562 1263 iam
2626 1218 2794 1264 nunc
2856 1200 3130 1265 instituit

791 1301 1178 1369 GAROLVS
1233 1301 1770 1367 FRIDERIGVS.
1858 1302 2051 1366 Iussit
2093 1302 2264 1366 enim
2308 1301 2762 1367 Serenissimus
2803 1300 3130 1384 Princeps,

790 1412 860 1469 ut
914 1404 1202 1487 proxime
1256 1403 1440 1469 initia
1495 1423 1704 1468 novae
1760 1403 2223 1468 commissionis
2278 1403 2628 1469 litterariae
2685 1403 3021 1486 capiantur
3061 1403 3130 1467 in

791 1506 1163 1572 memoriam
1207 1505 1393 1570 huius
1438 1505 1586 1572 diei.
1645 1506 1845 1570 Vobis
1887 1506 2078 1588 igitur
2121 1505 2490 1587 propediem
2522 1524 2729 1569 novae
2775 1524 3132 1588 proponen-

789 1616 893 1673 tur
933 1607 1357 1691 quaestiones,
1405 1608 1634 1689 quibus
1677 1605 1761 1670 de
1804 1607 2087 1689 praemio
2132 1607 2332 1672 Vobis
2377 1606 2749 1672 certandum
2792 1607 2932 1672 erit.
2991 1607 3129 1686 Quo

785 1710 1074 1775 instituto
1116 1708 1471 1777 instaurato
1489 1743 1494 1748 ·
1514 1728 1817 1790 magnam
1872 1708 1959 1773 ad
2014 1710 2491 1774 universitatem
2555 1716 2838 1773 nostram
2902 1709 3133 1774 redun-

787 1810 1079 1876 daturam
1125 1830 1269 1876 esse
1297 1810 1637 1875 utilitatem
1667 1816 1906 1892 quanto
1933 1811 2165 1876 certius
2209 1812 2358 1892 scio,
2403 1816 2582 1875 tanto
2611 1810 2852 1876 maiore
2892 1811 3129 1893 gaudio

784 1913 978 1978 hodie
1007 1912 1371 1996 perfundor,
1401 1932 1594 1995 quum
1623 1912 1924 1976 nuncium
1952 1932 1992 1976 a
2015 1912 2169 1976 Viro
2197 1912 2603 1993 integerrimo
2633 1911 3131 1995 academiaeque

786 2015 1242 2095 amantissime,
1290 2014 1388 2078 cui
1432 2034 1678 2078 summa
1719 2014 1905 2079 huius
1936 2014 2368 2078 universitatis
2397 2034 2548 2078 cura
2579 2013 2971 2079 demandata
3012 2021 3126 2096 est,

785 2124 1134 2199 acceptum,
1179 2114 1265 2180 ad
1310 2115 1460 2196 Vos,
1510 2113 1986 2182 commilitones
2029 2116 2505 2195 Humanissimi,
2559 2135 2730 2179 nunc
2773 2115 3043 2198 perferO.

958 2218 1206 2283 Videtis
1270 2216 1470 2298 igitur
1535 2218 1840 2301 pietatem
1902 2239 2057 2301 erga
2110 2218 2509 2282 academiam
2564 2237 2695 2281 non
2749 2216 2940 2280 modo
2996 2236 3128 2281 non

788 2320 1040 2387 exuisse
1088 2316 1491 2384 CAROLVM
1534 2319 2068 2385 FRIDERICVM
2112 2319 2228 2385 sed
2271 2320 2527 2401 egregie
2569 2319 2670 2383 his
2713 2319 2871 2402 ipsis
2901 2318 3128 2382 diebus

787 2423 981 2488 etiam
1038 2420 1464 2486 confirmasse.
1564 2421 1857 2487 Eandem
1914 2430 2131 2487 tamen
2187 2422 2491 2505 pietatem
2546 2428 2610 2485 et
2652 2421 3123 2497 verecundiam,

785 2543 912 2605 qua
951 2523 1094 2605 ipse
1123 2523 1499 2606 conspicuus
1530 2529 1626 2589 est
1655 2524 1930 2606 optimus
1960 2523 2276 2607 princeps,
2323 2525 2517 2588 etiam
2546 2523 2629 2587 ab
2661 2522 2806 2586 aliis
2834 2522 3127 2604 inprimis

786 2647 826 2690 a
868 2626 1197 2691 iuventute
1242 2631 1618 2707 exspectare
1660 2627 1854 2708 solet,
1923 2626 2381 2711 Spartanorum
2424 2626 2788 2708 exemplum
2833 2626 3127 2690 omnibus

785 2733 1019 2810 putans
1048 2726 1443 2810 sequendum
1473 2747 1631 2809 esse,
1664 2729 1840 2810 apud
1868 2749 2025 2810 quos
2053 2730 2334 2794 moribus
2363 2728 2661 2809 antiquis,
2694 2747 2824 2791 non
2853 2727 3123 2809 legibus,

784 2828 1022 2893 tradita
1065 2836 1203 2894 erat
1246 2828 1562 2911 quaedam
1615 2831 1978 2895 reverentia
2032 2838 2095 2895 et
2137 2829 2576 2911 observantia,
2633 2829 2717 2894 ab
2771 2828 3125 2893 iunioribus

784 2930 1175 3014 praestanda
1217 2931 1589 2996 senioribus.
1677 2932 1826 2995 Non
1879 2932 2106 2997 inutile
2148 2933 2269 2997 erit
2321 2933 2389 2996 in
2431 2931 2802 2996 memioram
2844 2937 3124 2994 vestram

782 3052 1085 3098 revocare
1137 3032 1373 3097 factum
1430 3032 1692 3113 aliquod
1745 3035 2188 3116 memorabile,
2257 3034 2428 3117 quod
2482 3034 2821 3115 scriptores
2878 3032 3123 3113 antiqui

784 3135 1155 3200 retulerunt.
1216 3133 1487 3199 Athenis
1532 3154 1731 3199 senex
1762 3136 2041 3218 quidam,
2092 3137 2199 3218 qui
2242 3136 2429 3202 ludos
2462 3136 2541 3218 „in
2583 3136 2833 3199 theatro
2878 3140 3122 3216 specta-

785 3241 919 3300 tum
961 3243 1243 3317 venerat,
1291 3256 1481 3317 quum
1526 3256 1670 3300 eum
1700 3257 1736 3302 e
1767 3238 2012 3303 civibus
2055 3258 2242 3304 nemo
2286 3258 2531 3304 sessum
2572 3237 2937 3319 recepisset,
2985 3242 3121 3299 tan-

785 3335 932 3401 dem
989 3336 1075 3400 ad
1129 3337 1674 3403 Lacedaemonios
1718 3338 2028 3419 quosdam
2092 3341 2357 3405 iuvenes
2413 3339 2734 3423 pervenit,
2798 3338 2906 3420 qui
2961 3338 3123 3402 forte

783 3438 1073 3503 aderant.
1134 3438 1276 3520 Qui,
1321 3439 1597 3503 hominis
1626 3445 1841 3504 aetate
1884 3442 2036 3505 moti
2080 3442 2293 3506 statim
2339 3462 2483 3506 eum
2509 3439 2889 3522 assurgendi
2917 3440 3120 3504 officio

784 3540 1073 3605 venerati
1114 3547 1260 3605 sunt
1315 3541 1659 3622 sedemque
1702 3541 1764 3605 ei
1808 3562 1987 3606 suam
2032 3549 2375 3607 cesserunt.
2464 3542 2650 3621 Quod
2692 3543 2803 3607 ubi
2844 3544 3120 3625 populus

782 3641 1195 3707 Atheniensis
1267 3643 1599 3725 conspexit
1655 3643 1933 3707 maximo
1996 3645 2227 3726 plausu
2282 3645 2536 3710 alienae
2590 3644 2764 3708 urbis
2817 3645 3118 3727 pietatem

783 3743 1238 3824 comprobavit.
1325 3743 1617 3807 Tradunt
1670 3765 1866 3808 unum
1922 3764 2001 3810 ex
2057 3746 2584 3812 Lacedaemoniis
2653 3753 2787 3810 tum
2849 3745 3120 3811 dixisse:

783 3844 952 3925 Ergo
979 3843 1423 3925 Athenienses,
1455 3844 1610 3926 quid
1637 3845 1720 3910 sit
1745 3851 2004 3928 rectum,
2037 3847 2259 3929 sciunt,
2290 3847 2405 3914 sed
2434 3848 2504 3911 id
2529 3848 2740 3913 facere
2768 3848 3120 3929 negligunt.

783 3944 1005 4010 Simile
1049 3951 1147 4009 est
1187 3944 1257 4009 id
1302 3945 1473 4027 quod
1517 3945 1599 4011 de
1642 3947 1931 4031 principe
1973 3956 2189 4013 nostro
2234 3950 2433 4015 Vobis
2474 3950 2768 4030 narrabO,
2816 3949 3119 4030 cuiusque

780 4053 1006 4113 testem
1050 4047 1369 4111 oculatum
1411 4046 1620 4112 habeo
1648 4048 1854 4112 virum
1883 4049 2164 4133 optimae
2205 4050 2355 4116 fidei
2385 4072 2653 4134 eumque
2692 4059 3116 4135 praesentem,

784 4155 875 4230 et,
922 4148 979 4214 si
1019 4149 1231 4214 lenem
1274 4149 1400 4214 oris
1442 4149 1666 4213 rictum
1710 4151 2148 4233 labiorumque
2193 4153 2448 4219 ductum
2492 4154 2690 4219 Vobis
2733 4154 3115 4235 excitavero,

781 4269 1052 4331 omnem,
1099 4250 1154 4315 si
1198 4269 1324 4332 qua
1367 4256 1480 4332 est,
1526 4251 1713 4317 huius
1755 4253 1848 4318 rei
1887 4254 2216 4336 invidiam,
2263 4275 2453 4337 quam
2483 4276 2613 4320 non
2641 4262 2873 4335 metuo,
2916 4255 2985 4320 in
3013 4274 3119 4320 me

779 4352 1099 4434 recipiam.
1156 4351 1541 4433 Praeceptor
1584 4352 1844 4435 quidam
1887 4355 2072 4420 huius
2102 4357 2324 4439 oppidi
2353 4357 2697 4441 discipulos
2726 4378 2873 4423 suos
2902 4377 3117 4423 secum
