3499 5219
1664 363 2226 427 ——238—

1231 521 1527 605 κράτιστα
1564 519 1772 585 τοίνυν
1810 519 1936 579 τῶν
1975 508 2297 596 παρόντων
2334 513 2468 579 ἐστὶ
2510 518 2633 601 νῷν

1231 614 1401 676 θεῶν
1442 604 1597 672 ἰόντε
1639 606 2002 688 προσπεσεῖν
2042 622 2160 662 που
2202 598 2357 683 πρὸς
2394 598 2640 683 βρέτας,

785 765 1131 851 respondet
1170 762 1669 830 Demosthenes:

1191 916 1382 977 ποίων
1419 912 1645 996 βρέτας
1682 912 1884 986 θεῶνς
1932 903 2099 968 ἐτεὸν
2136 901 2274 987 ἦγεΐ
2307 901 2425 988 γὰρ
2471 901 2693 981 θεούς;

788 1075 895 1142 Sic
939 1070 1109 1139 enim
1152 1068 1481 1152 scripsisse
1522 1071 1674 1150 puto
1716 1061 2233 1145 Aristophanem.
2694 1119 2697 1122 .

958 1191 1036 1256 V.
1079 1192 1222 1254 210.
1267 1206 1381 1272 pro
1424 1178 1545 1268 ἤδη
1589 1179 1951 1265 κρατήσειν,
1996 1178 2066 1243 in
2097 1197 2219 1261 quo
2263 1167 2385 1263 ἢδη
2428 1194 2687 1260 prorsus
2728 1176 2955 1246 inutile
2996 1185 3111 1262 est,

790 1291 1194 1361 scribendum
1239 1307 1381 1354 esse
1409 1285 1660 1352 videtur
1700 1280 1884 1348 κύδει
1925 1278 2288 1364 κρατήσειν,
2330 1279 2454 1345 hoc
2496 1285 2566 1344 ut
2606 1277 2693 1344 ad
2733 1280 2937 1345 verba
2977 1299 3116 1346 ora-

743 1437 746 1439 >
790 1395 917 1463 culi
974 1401 1058 1474 (v.
1104 1394 1273 1469 200.)
1330 1389 1680 1474 peffinfflt:
1736 1378 2245 1465 κοιλιοπωλήσω
2304 1379 2376 1446 δὲ
2431 1379 2597 1458 θεὸς
2648 1378 2817 1465 μέγα
2870 1380 3116 1459 κῦδος

794 1490 1048 1574 ὀπάζει.

959 1596 1035 1664 V.
1084 1600 1199 1659 441
1250 1613 1343 1677 sq.
1386 1589 1730 1676 legendum
1775 1593 1917 1656 esse
1960 1591 2202 1652 statuo:

1786 1735 2128 1804 ΚΛΕΩΝ.

1099 1846 1183 1912 Τι’
1222 1845 1412 1925 δῆτας
1452 1841 1661 1922 βούλει
1703 1847 1827 1904 τῶν
1867 1839 2185 1904 ταλάντων
2225 1834 2290 1901 ἓν
2331 1835 2541 1917 λαβὼν
2582 1843 2857 1916 σιωπᾶνς

1591 2037 1602 2048 1
1797 1957 2119 2024 ΧΟΡΟΣ.

1082 2061 1265 2147 Ἀνὴρ
1312 2062 1387 2125 ἂν
1427 2060 1622 2145 ἡδέως
1663 2059 1863 2140 λάβοι.
1908 2056 2053 2132 τοὺς
2095 2058 2425 2142 τερθρίους
2464 2059 2686 2142 παρίει.

1784 2176 2124 2240 ΚΛΕΩΝ.

1102 2280 1315 2357 Φεύξει
1357 2280 1604 2364 γραφὰς
1647 2280 2067 2360 [δωροδοκίας]

1087 2364 1679 2438 Ἑκατονταλάντους
1720 2364 2031 2448 τέτταρας.

796 2525 1029 2591 Verba·
1055 2522 1226 2589 enim
1270 2540 1433 2605 quae
1475 2518 1751 2585 isiciario
1794 2518 1987 2599 vulgo
2031 2516 2407 2599 tribuuntur,
2451 2512 2529 2580 τὸ
2574 2507 2802 2598 πνεῦμ’
2855 2512 3127 2580 ἔλαττον

796 2632 1101 2710 γίγνεται,
1162 2631 1301 2690 orta
1342 2629 1489 2689 sunt
1533 2642 1614 2688 ex
1655 2624 2042 2705 glossemate
2084 2619 2202 2687 ad:
2259 2617 2413 2696 τοὺς
2467 2623 2822 2700 τερθρίους
2873 2622 3125 2700 παρίει.

796 2726 1221 2810 Δωροδοκίας
1264 2724 1507 2807 addidi,
1552 2730 1623 2789 ut
1665 2742 1918 2793 versum
1963 2722 2288 2805 explerem
2332 2729 2397 2788 et
2440 2721 2843 2791 sententiam.

1324 3193 1947 3265 COMMENTATIO
1989 3195 2109 3261 DE
2152 3151 2604 3264 VOCABVLO

1541 3334 2395 3405 ΒΕΚΚΕΣΕΛΗΝΟΣ

1452 3485 1557 3546 ΑΒ
1599 3483 2165 3547 ARISTOPHANE
2206 3484 2465 3547 FIGTO.

968 3668 1173 3748 Quam
1213 3668 1431 3753 lepide
1474 3670 1800 3736 Socratem
1842 3670 2295 3753 philosophum
2337 3690 2453 3754 per
2496 3691 2606 3735 ora
2639 3624 3127 3737 Atheniensium

798 3770 1147 3836 traduxerit
1175 3771 1638 3855 Aristophanes
1680 3771 1888 3837 sciunt
1931 3791 2151 3838 omnes
2196 3773 2303 3855 qui
2347 3772 2951 3838 excellentissimam
2993 3773 3128 3839 eius

669 3897 686 3913 ·
800 3873 1081 3941 Nubium
1134 3873 1418 3938 fabulam
1473 3874 1898 3958 perlegerunt.
1995 3874 2336 3939 Enimvero
2392 3873 2811 3940 introducitur
2871 3875 2963 3940 ibi
3016 3875 3125 3941 So-

799 3981 1005 4040 crates
1047 3974 1481 4058 Strepsiadem
1523 3975 1823 4040 rusticum
1868 3974 2106 4040 docens
2146 3995 2278 4041 non
2319 3994 2461 4043 esse
2505 3975 2660 4042 deos
2702 3996 2861 4059 quos
2900 3976 3127 4060 volgus

800 4076 1050 4159 credat,
1107 4095 1192 4142 ne
1232 4075 1451 4143 Iovem
1508 4075 1765 4159 quidem
1821 4095 2007 4158 quem
2062 4077 2348 4160 periuros
2388 4078 2615 4162 punire
2654 4076 2921 4146 fulmine
2961 4079 3124 4144 iacto

801 4176 1203 4263 Strepsiades
1257 4183 1450 4245 antea
1503 4178 1938 4260 superstitiose
1991 4176 2434 4246 affirmaverat.
2519 4177 2724 4258 Quem
2772 4179 2874 4245 his
2912 4179 3127 4247 verbis

801 4281 1084 4347 confutat
1122 4279 1417 4346 Socrates
1460 4283 1544 4359 (v.
1588 4281 1711 4344 395
1757 4299 1850 4363 sq.
1893 4279 2166 4357 Herm.):
2447 4305 2454 4312 ·
