3499 5219
1333 467 1858 530 *35—

420 634 655 699 adesse
708 633 915 715 iubet,
989 652 1114 715 quo
1168 641 1511 716 appareat,
1583 636 1708 700 utri
1764 636 1932 718 parti
1987 636 2070 701 sit
2119 635 2643 721 adstipulandum
2679 638 2774 703 'ad

421 735 885 800 moderandam
928 736 1324 819 religionem.

592 838 886 904 Aderant
937 845 1194 922 praeter
1247 838 1612 922 theologoS,
1686 839 1758 904 in
1809 839 1913 905 his
1967 840 2049 906 N.
2104 839 2543 909 Ambsdorfius
2612 848 2767 924 erat,

420 941 595 1006 cives
639 948 703 1006 et
744 939 1013 1006 studiosi
1053 941 1409 1006 litterarum
1451 942 1779 1023 Ienenses,
1825 942 2223 1025 Lipsienses,
2271 942 2769 1026 Vitebergenses

418 1062 553 1107 non
594 1043 814 1127 pauci,
889 1062 1112 1108 omnes
1154 1064 1394 1126 magna
1442 1044 1950 1126 exspectatione,
2027 1063 2219 1127 quum
2272 1044 2567 1111 viderent
2621 1046 2771 1129 plus

418 1165 551 1209 una
622 1145 1007 1212 sententiam
1079 1165 1298 1210 veram
1374 1165 1516 1211 esse
1585 1166 1717 1210 non
1788 1166 1997 1229 posse.
2097 1146 2229 1212 Sed
2322 1166 2515 1228 quum
2598 1148 2765 1212 ultro

419 1247 704 1329 citroque
761 1246 1150 1331 disputando
1206 1247 1757 1330 disceptandoque
1828 1247 1911 1314 de
1983 1249 2240 1330 „libero
2311 1248 2576 1314 arbitrio
2593 1247 2632 1282 “
2703 1255 2769 1315 et

418 1349 711 1433 inprimis
769 1398 808 1431 „
827 1349 909 1414 de
952 1355 1215 1432 peccato
1260 1349 1523 1432 originis
1541 1348 1580 1383 “
1597 1398 1613 1431 ,
1633 1351 1675 1426 ¹)
1742 1349 1916 1431 quod
1955 1350 2211 1415 Flacius
2255 1369 2467 1415 crasse
2510 1350 2766 1417 dicebat

419 1470 564 1517 esse
604 1452 882 1533 11011111113
926 1452 1402 1534 „substantiam
1419 1450 1459 1484 “
1471 1499 1490 1535 ,
1567 1451 1903 1534 Strigelius
1945 1472 2099 1517 vero
2144 1452 2282 1517 eius
2325 1450 2685 1533 „accidens
2704 1452 2764 1534 “‚

418 1554 582 1618 nihil
623 1561 1103 1638 promoveretur
1117 1602 1134 1637 ,
1191 1554 1349 1637 ipsis
1392 1553 1782 1619 adversariis
1826 1554 1951 1619 sibi
1991 1553 2506 1636 obstrepentibus
2521 1602 2537 1635 ,
2596 1554 2766 1637 prin-

417 1656 592 1738 cipes
636 1656 939 1722 Saxonici
983 1655 1343 1739 evangelici
1386 1655 1743 1738 Numburgi
1787 1655 2072 1721 MDLXI
2086 1656 2130 1732 ²)
2180 1656 2402 1720 habito
2447 1662 2765 1721 conventu

415 1759 557 1823 sine
598 1759 916 1842 theologis
958 1758 1045 1823 ad
1089 1759 1420 1841 exemplar
1462 1758 1923 1840 „Augustanae
1967 1757 2399 1824 Confessionis
2448 1758 2765 1822 authenti-

414 1859 603 1925 cum“
659 1867 1005 1926 recurrunt.
1093 1860 1302 1925 Probe
1357 1859 1594 1925 factum
1609 1907 1625 1940 ,
1699 1859 1893 1924 modo
1952 1859 2299 1925 clementer
2356 1859 2763 1942 interpretari

414 1963 858 2028 concederent.
946 1964 1157 2044 Atque
1212 1963 1335 2027 hoc
1391 1969 1561 2027 certe
1614 1962 1897 2028 voluisse
1952 1961 2385 2027 Vimarienses
2438 1962 2763 2046 principes

418 2051 751 2130 declarant
793 2085 873 2130 ea
886 2113 902 2147 ,
979 2084 1144 2147 quae
1185 2069 1331 2147 post
1371 2064 1542 2128 facta
1584 2069 1749 2129 sunt.
1837 2063 2093 2128 Flacius
2134 2063 2305 2127 6111111
2349 2064 2569 2146 paullo
2613 2070 2761 2148 post

413 2168 605 2249 Iena,
682 2177 1048 2249 quanquam·
1102 2165 1241 2231 sine
1299 2166 1715 2247 contumelia,
1790 2163 2090 2230 dimissus
2148 2170 2244 2229 est
2299 2185 2443 2230 cum
2496 2166 2763 2232 asseclis

415 2267 567 2348 suis,
614 2267 679 2332 S.
724 2268 1005 2350 Musaeo,
1052 2267 1405 2350 Wigando,
1452 2267 1706 2348 Iudice,
1752 2266 1805 2330 I.
1849 2266 1955 2330 Fr.
2002 2265 2399 2349 Coelestino,
2446 2288 2638 2350 quum
2682 2288 2759 2334 eo

414 2387 517 2433 res
560 2370 994 2452 pervenisset,
1056 2376 1126 2434 ut
1166 2369 1290 2452 ipsi
1334 2369 1601 2435 studiosi
1644 2369 1714 2432 in
1759 2367 2034 2432 divortia
2077 2366 2582 2434 distraherentur
2624 2376 2758 2434 tam

413 2470 1096 2551 „substantiariorum“
1138 2491 1330 2554 quam
1373 2519 1411 2552 „
1429 2469 2021 2536 accidentiariorum
2036 2468 2074 2502 “
2087 2517 2103 2551 ,
2150 2490 2415 2552 quorum
2459 2470 2526 2534 hi
2568 2471 2760 2537 vehe-

412 2572 758 2637 mentiores
801 2573 1029 2639 ceteris
1071 2573 1285 2639 animo
1330 2573 1704 2639 Flacianam
1755 2570 2014 2637 domum
2069 2569 2363 2637 demoliri
2418 2572 2759 2656 periclitati

414 2681 580 2738 sunt.
668 2674 746 2739 In
817 2676 1188 2741 abactorum
1261 2676 1688 2760 professorum
1760 2675 1935 2739 locos
1998 2674 2211 2739 vocati
2265 2680 2413 2739 311111
2465 2674 2759 2741 (10610163

411 2775 923 2859 Vitebergenses.
941 2777 985 2852 ³)
1073 2779 1223 2861 Ipse
1265 2778 1550 2859 Flacius,
1595 2783 1905 2858 tanquam
1946 2795 2198 2841 veneno
2241 2778 2530 2860 „peccati
2571 2777 2757 2860 origi-

412 2876 623 2941 nalis“
667 2878 766 2942 sui
806 2878 1094 2963 infectus,
1141 2900 1257 2964 per
1300 2880 1711 2945 Germaniam
1756 2879 2027 2943 exulans
2070 2883 2136 2943 et
2175 2876 2529 2943 identidem
2572 2899 2755 2944 suam

409 2979 793 3043 sententiam
836 2981 1093 3063 publice
1136 2981 1530 3047 defensitans
1572 2982 1641 3045 in
1684 2999 1934 3044 summa
1975 2979 2238 3044 tandem
2281 2980 2539 3045 miseria
2592 3001 2754 3045 mor·

408 3087 555 3145 tuus
586 3087 683 3145 est
710 3082 1110 3147 Francofurti
1152 3082 1239 3147 ad
1271 3083 1589 3164 Moenum,
1635 3102 1751 3147 suo
1796 3082 1991 3148 etiam
2035 3082 2330 3164 exemplo
2373 3080 2751 3147 confirmans

411 3202 602 3264 quam
644 3202 863 3248 verum
909 3185 993 3248 sit
1032 3184 1197 3249 illud
1237 3184 1546 3249 Lucretii:

859 3305 1114 3364 Tantum
1158 3306 1368 3383 religio
1410 3303 1601 3381 potuit
1643 3304 1893 3364 suadere
1935 3303 2254 3363 malorum!

412 3419 747 3501 Strigelius
790 3440 942 3485 vero
1000 3420 1209 3488 denuo
1264 3425 1431 3489 inter
1484 3421 1877 3505 professores
1917 3420 2225 3485 Ienenses
2282 3427 2576 3502 receptus
2631 3426 2746 3502 est,

406 3528 746 3606 postquam
801 3521 1322 3605 „declaratione“
1375 3542 1524 3604 sua,
1590 3542 1783 3604 quam
1840 3521 2178 3586 orthodoxi
2239 3520 2499 3603 quidam
2554 3521 2750 3587 Suevi

404 3624 689 3705 theologi
729 3624 1277 3707 approbaverant,
1350 3644 1482 3690 non
1525 3624 1666 3690 sine
1722 3631 1936 3689 astuta
1989 3622 2269 3705 quadam
2327 3628 2391 3688 et
2444 3623 2748 3707 ambigua

404 3725 749 3791 circutione
791 3726 1148 3810 verborum,
1197 3726 1608 3793 satisfecisset
1650 3725 2064 3809 principibus.
2134 3725 2362 3807 Neque
2401 3724 2493 3789 ita
2521 3725 2749 3791 sedata

540 3996 575 4057 ¹)
610 3996 909 4047 Adscribere
957 4000 1041 4048 hic
1077 3997 1245 4063 placet
1278 3997 1484 4062 Hegelii
1519 3998 1697 4047 verba:
1735 3995 1865 4058 „Die
1896 3994 2062 4044 Lehxe
2095 4011 2193 4045 von
2228 3995 2317 4045 der
2344 3994 2745 4046 Verdorbenheit

402 4080 492 4131 der
526 4083 902 4133 menschliehen
937 4085 1186 4134 Natur—
1205 4083 1412 4132 brachte
1446 4098 1510 4132 zu
1542 4082 1716 4132 Ehren
1751 4096 1854 4131 was
1882 4079 2117 4130 Schande
2152 4080 2247 4140 ist;
2284 4078 2357 4130 sie
2391 4080 2603 4145 heiligte
2637 4079 2743 4131 und

400 4168 670 4232 vercwigte
705 4168 818 4218 eine
842 4167 1195 4232 Unflihigkeit,
1230 4167 1401 4217 indem
1436 4168 1509 4218 sie
1544 4167 1701 4217 3611131
1735 4166 1825 4216 das
1860 4181 1927 4215 an
1962 4165 2043 4216 die
2066 4164 2403 4230 Moglichkeit
2436 4166 2576 4216 einer
2589 4161 2743 4216 Kraft

402 4250 620 4316 glauben
674 4269 734 4304 zu
787 4253 989 4303 konnen
1007 4289 1020 4314 ‚
1079 4268 1170 4302 zur
1221 4251 1391 4302 Sunde
1444 4251 1692 4303 machte.“
1831 4251 1868 4313 ²)
1902 4249 1981 4301 Ad
2012 4250 2147 4300 hunc
2183 4253 2485 4300 conventum
2518 4251 2742 4315 pertinet

402 4336 565 4401 elegia
617 4337 674 4389 T.
711 4338 754 4389 Ι.
809 4337 845 4388 f.
882 4340 947 4390 66
982 4354 1030 4389 ν.
1165 4337 1201 4401 ³)
1237 4337 1296 4388 V.
1339 4336 1580 4390 Gieseler:
1631 4334 1820 4387 Lehrb.
1857 4335 1944 4386 der
1976 4334 2507 4401 Kirchengeschichte.
2554 4336 2653 4398 111,
2690 4338 2740 4388 2.

397 4437 451 4487 p.
489 4425 604 4474 247.

2260 4504 2323 4557 3*
