3499 5219
1264 486 1397 493 —w-
1492 452 1608 515 159
1695 483 1833 491 —-

375 619 459 685 de
502 619 761 684 civitate
805 619 909 684 dei
954 617 1176 684 ederet
1216 619 1520 702 primum,
1580 620 1855 686 Lovanii
1910 641 1968 684 a.
2013 620 2361 701 MDXXII,
2408 621 2493 685 ad
2537 621 2587 702 Ι,
2637 625 2714 686 23

372 722 563 787 huius
621 722 768 785 libri
826 720 928 787 his
982 721 1196 787 verbis
1252 738 1404 788 usus
1459 728 1586 787 est:
1646 722 1919 803 „Libros
1962 723 2214 805 scripsit
2260 721 2496 787 Caesar
2541 723 2718 788 Anti-

374 831 639 889 catones
685 822 847 889 duos
890 829 1110 889 contra
1154 821 1464 889 Catonem
1509 823 1850 905 CiceroniS,
1897 830 1966 888 ut
2009 822 2229 889 Cicero
2275 831 2338 889 et
2381 823 2721 892 Suetonius

371 926 818 991 meminerant.
905 925 1010 987 Ea
1067 925 1377 988 volumina
1435 926 1534 990 vir
1590 925 1980 992 clarissimus
2042 922 2337 988 Erardus
2394 947 2434 988 a
2477 927 2719 1004 Marcu,

287 1088 304 1097 -
374 1028 759 1093 Valentinus
816 1034 880 1093 et
936 1026 1312 1092 Leodiensis
1369 1022 1736 1112 episcopus,
1810 1026 1911 1093 his
1983 1026 2289 1110 proximis
2364 1028 2589 1095 diebus
2652 1029 2719 1095 in

375 1130 842 1213 amplissimum
888 1126 1325 1194 Cardinalium
1368 1129 1657 1195 ordinem
1701 1136 2068 1213 cooptatus,
2129 1129 2287 1193 mihi
2331 1129 2502 1192 clix-it
2541 1151 2611 1197 se
2653 1132 2720 1196 in

374 1233 642 1314 antiqua
685 1231 962 1313 quadam
1005 1230 1409 1296 Bibliotheca
1438 1230 1676 1297 Leodii·
1709 1229 1949 1295 vidisse
1992 1237 2056 1296 et
2100 1238 2477 1313 curaturum,
2524 1239 2593 1297 ut
2635 1232 2720 1299 ad

372 1354 480 1399 me
510 1334 923 1398 mitterentur.
982 1330 1244 1414 Quodsi,
1290 1343 1363 1394 ut
1385 1352 1590 1416 spero,
1637 1332 1877 1414 fecerit,
1923 1353 2054 1396 non
2087 1332 2391 1398 invidebo
2423 1335 2721 1401 studiosis

373 1435 741 1500 hominibus
784 1434 1122 1500 lectionem
1167 1434 1450 1500 eorum.“
1521 1435 1701 1500 Haec
1742 1453 1895 1500 vero
1936 1434 2029 1499 ita
2072 1436 2387 1499 contraxit
2417 1436 2613 1502 Vives
2653 1438 2720 1502 in

374 1539 584 1603 altera
641 1536 922 1603 editione
972 1537 1343 1619 Augustini:
1402 1537 1674 1619 „Libros
1731 1535 1985 1618 scripsit
2026 1534 2264 1602 Caesar
2305 1537 2721 1605 Anticatones

376 1640 540 1704 duos
583 1645 803 1703 contra
847 1637 1153 1703 Catonem
1200 1637 1547 1717 (Ciceronis
1590 1657 1828 1703 nomen
1873 1637 2139 1719 omisit),
2199 1645 2268 1703 ut
2317 1639 2457 1721 ipse
2502 1639 2720 1705 Cicero

374 1748 443 1807 et
500 1740 840 1806 Suetonius
897 1741 1340 1805 meminerant.
1434 1741 1533 1805 Ea
1590 1739 1918 1803 volumina
1973 1741 2072 1804 vir
2128 1740 2516 1806 clarissimus
2574 1742 2721 1808 Car-

376 1842 615 1908 dinalis
652 1842 1029 1908 Leodiensis
1074 1842 1284 1922 (huius
1328 1843 1520 1908 etiam
1564 1861 1800 1907 nomen
1845 1841 2064 1917 tacuit)
2111 1841 2502 1926 confirmavit
2541 1864 2610 1910 se
2652 1846 2720 1909 in

375 1944 644 2027 antiqua
687 1945 967 2026 quadam
1010 1945 1399 2011 bibliotheca
1443 1942 1669 2009 Leodii
1713 1942 1955 2009 vidisse
2009 1948 2073 2008 et
2122 1951 2480 2009 curaturum
2523 1953 2593 2010 ut
2634 1945 2721 2011 ad

372 2066 481 2111 me
524 2047 925 2112 mitterentur
969 2082 1047 2092 --
1092 2047 1430 2112 lectionem
1477 2044 1760 2111 eorum.“
1846 2036 2074 2109 Viden’
2118 2052 2422 2127 quantum
2473 2046 2722 2113 intersit

373 2150 544 2214 inter
595 2148 764 2210 dimit
817 2147 997 2230 illud,
1060 2168 1183 2230 quo
1242 2154 1436 2213 antea
1491 2166 1643 2212 usus
1702 2152 1839 2212 erat
1894 2146 2090 2211 Vives
2148 2147 2225 2210 A.
2270 2148 2599 2213 MDXXII
2657 2157 2721 2215 et

373 2249 690 2334 posterius
734 2248 898 2313 illud
941 2249 1359 2333 confirmavit,
1419 2267 1542 2330 quo
1585 2249 1783 2340 plane
1827 2248 2126 2313 docemur
2168 2246 2477 2315 Comitem
2538 2250 2613 2323 de
2657 2250 2718 2312 Ia

373 2350 606 2415 Mar-cle
661 2351 824 2416 haec
877 2371 1009 2415 non
1067 2351 1249 2433 quasi
1304 2350 1771 2434 praetereundo
1839 2349 2106 2431 dixisse,
2180 2349 2297 2415 sed
2355 2351 2585 2413 diserte
2642 2370 2719 2416 ac

374 2454 589 2519 sobrie
642 2473 775 2518 rem
833 2453 1172 2536 repetisse,
1232 2459 1300 2517 ut
1357 2472 1488 2517 non
1546 2452 1824 2534 amplius
1887 2450 2270 2517 dubitaverit
2314 2451 2542 2533 Vives,
2603 2452 2718 2518 sed

376 2555 571 2622 etiam
615 2554 780 2620 illud
824 2555 922 2616 uti
957 2576 1144 2639 spero
1189 2555 1416 2639 prioris
1460 2553 1760 2620 editionis
1804 2553 1872 2619 in
1923 2554 2127 2620 altera
2184 2552 2465 2620 editione
2523 2554 2719 2639 plane

376 2657 679 2723 omiserit.
767 2658 927 2723 Rem
975 2664 1312 2723 notaverat
1356 2677 1436 2722 ex
1480 2658 1687 2722 altera
1731 2655 2014 2722 editione
2055 2656 2393 2738 Augustini
2438 2655 2719 2723 Stoerius

378 2766 443 2824 et
485 2759 720 2824 nostris
762 2759 1154 2842 temporibus
1185 2759 1577 2824 Villoisonus
1607 2757 1850 2823 Anecd.
1884 2758 1968 2839 II,
2006 2778 2068 2841 p.
2103 2761 2244 2839 263,
2292 2758 2399 2841 qui
2443 2760 2716 2841 priorem

378 2860 724 2926 editionem
770 2860 949 2926 Vivis
1003 2882 1134 2926 non
1189 2863 1614 2926 consuluerat.
1703 2860 1818 2926 Sin
1862 2859 1943 2924 sit
1987 2860 2305 2942 quispiam
2349 2860 2457 2941 qui
2502 2859 2718 2925 Cardi-

377 2963 592 3028 nalem
651 2961 1122 3028 inconsiderate
1179 2962 1339 3028 haec
1397 2963 1636 3025 dioezkse
1693 2968 1756 3027 et
1814 2960 2210 3044 confirmasse
2225 2962 2265 3035 ¹)
2313 2961 2458 3025 Vivi
2517 2969 2714 3044 putet,

376 3064 534 3128 scito
590 3063 703 3128 ille
758 3063 826 3127 in
878 3065 1202 3130 coenobiis
1243 3063 1708 3129 Leodiensibus
1766 3062 1916 3128 olim
1962 3063 2254 3143 antiquas
2298 3061 2718 3128 bibliothecas

375 3164 572 3230 fuisse
616 3185 756 3229 cum
800 3165 962 3231 raris
1007 3166 1384 3248 quibusdam
1428 3165 1712 3246 cimeliis,
1759 3165 1826 3229 in
1872 3163 2101 3246 quibus
2135 3163 2359 3227 enituit
2387 3164 2718 3229 celeberri-

378 3287 549 3331 mum
605 3266 768 3330 illud
826 3267 1189 3352 Dz’ptyelzon
1247 3266 1599 3330 Leodiensc
1671 3266 1869 3332 seculi
1939 3265 2101 3330 sexti
2160 3265 2249 3342 (in
2304 3263 2513 3330 fronte
2570 3275 2717 3332 sunt

377 3368 639 3433 nomina
695 3358 974 3433 consulis
1032 3369 1295 3435 orientis
1352 3370 1679 3431 Anas-iasii
1732 3369 1876 3443 cet.)
1893 3416 1908 3448 ,
1985 3367 2136 3431 olim
2193 3374 2591 3432 asservatum
2647 3369 2715 3433 in

376 3469 658 3534 Basilica
715 3469 996 3535 Maxima
1052 3470 1139 3534 D.
1193 3470 1538 3533 Lamberti.
1628 3469 1796 3536 Vide
1855 3468 1935 3535 dc
1992 3469 2113 3533 hoc
2169 3468 2492 3553 Diptycho
2552 3491 2716 3552 quae

376 3571 628 3654 scripsit
674 3572 755 3634 A.
817 3571 1201 3634 Wilthemius
1254 3590 1334 3636 ex
1393 3571 1697 3637 societate
1754 3570 1900 3635 Iesu
1956 3570 2047 3647 (in
2100 3570 2177 3635 A.
2223 3570 2327 3635 Fr.
2373 3570 2527 3636 Gori
2581 3574 2716 3638 the-

378 3691 565 3738 sauro
609 3679 734 3737 vet.
781 3673 1243 3758 Diptychorum
1287 3676 1361 3738 T.
1408 3674 1460 3737 I.
1504 3694 1567 3758 p.
1619 3675 1739 3749 17).
1828 3671 2092 3738 Accedit
2145 3671 2323 3736 aliud
2378 3672 2549 3755 quod
2598 3695 2714 3757 pro

374 3774 546 3839 bono
602 3774 812 3840 omine
867 3774 1093 3840 haberi
1140 3775 1343 3859 possit
1386 3774 1520 3840 fore
1562 3781 1632 3839 ut
1673 3773 2019 3856 aliquando
2066 3774 2257 3839 etiam
2301 3774 2716 3841 Anticatones

372 3875 612 3940 alicubi
684 3876 1078 3960 reperiantur
1145 3876 1213 3942 in
1269 3877 1495 3959 Belgio
1511 3925 1527 3958 ‚
1603 3896 1795 3959 quum
1869 3877 1947 3940 D.
2008 3876 2334 3941 Lamberti
2404 3879 2713 3960 templum

377 3976 652 4043 dirutum
706 3979 788 4043 sit
842 3979 912 4042 in
966 3980 1238 4043 tumultu
1282 3978 1551 4043 Gallico.
1640 3978 1890 4061 Nempe
1934 3977 2324 4043 Villoisonus
2379 3979 2421 4042 l.
2467 3979 2510 4042 l.
2560 3979 2712 4043 item

511 4231 546 4289 ¹)
582 4231 722 4282 Haec
770 4232 965 4295 agitata
1011 4237 1131 4282 sunt
1177 4233 1365 4282 mutuis
1416 4232 1632 4298 epistolis
1676 4232 1811 4281 inter
1854 4230 2171 4281 Cardinalem
2207 4235 2259 4281 ct
2291 4230 2486 4284 Vivem.
2555 4232 2712 4282 Edita

377 4319 452 4365 est
487 4315 728 4378 quaedam
763 4315 963 4380 farrago
999 4318 1043 4369 Ι.
1079 4317 1144 4369 L.
1191 4317 1328 4368 Vivis
1377 4317 1704 4381 epistolarum
1752 4323 1868 4382 post
1910 4316 2103 4367 obitum
2139 4318 2235 4367 viri
2275 4318 2509 4380 Antverp.
2553 4318 2710 4379 15563

376 4400 426 4448 in
461 4400 541 4450 his
578 4405 744 4451 autem
782 4402 842 4451 de
878 4400 1269 4452 Anticatonibus
1305 4399 1453 4452 nihil.
