3499 5219
1635 455 1770 462 -—
1861 419 1979 483 162
2066 451 2201 457 -—-

750 586 881 654 Sed
935 587 1193 652 omnino
1251 584 1407 651 Cato
1464 586 1713 652 Stoicus
1787 586 1978 652 etiam
2048 587 2117 651 in
2175 586 2299 651 hac
2354 607 2423 652 re
2478 594 2824 670 praecepta
2877 588 3093 653 Stoica

750 688 1218 772 quodammodo
1262 695 1513 753 secutus
1558 708 1701 754 esse
1727 687 2014 767 videtur.
2104 688 2179 752 V.
2224 689 2410 770 Diog.
2456 689 2668 753 Laert.
2713 710 2774 753 v,
2822 689 3095 753 Zenonis

749 790 896 871 VII,
931 794 1033 855 28.
1078 789 1302 865 κοινὰς
1348 787 1463 866 τὰς
1505 793 1814 872 γυναῖκας
1858 788 2269 871 δογματίζειν
2314 787 2451 866 (τὸν
2496 789 2795 872 Ζήνωνα)
2844 785 3086 871 ὁμοίως

747 889 1069 956 Πλάτωνι
1111 890 1180 957 ἐν
1225 894 1302 977 τῇ
1349 890 1671 976 πολιτείᾳ.
1748 891 1997 957 Similia
2027 898 2089 956 et
2117 891 2446 975 aliquanto
2472 891 2759 957 foediora
2788 891 3091 958 docuerat

756 992 1141 1079 Chnessippus
1194 993 1370 1078 apud
1424 993 1610 1075 Diog.
1667 993 1740 1057 L.
1789 993 1946 1074 VII,
2012 997 2108 1057 12.
2167 999 2237 1057 ut
2292 1014 2411 1077 par
2469 994 2553 1059 sit
2609 994 2827 1077 paullo
2882 996 3093 1060 lenius

748 1096 1033 1162 iudicare
1078 1096 1159 1162 de
1201 1096 1323 1160 hac
1366 1115 1436 1160 re
1479 1113 1593 1178 per
1635 1113 1706 1159 se
1747 1095 1938 1178 turpi.

919 1200 1166 1264 Tamen
1239 1198 1294 1262 si
1366 1196 1467 1262 bis
1524 1197 1818 1261 omnibus
1874 1197 2158 1279 turpiora
2211 1217 2342 1261 non
2398 1197 2651 1261 fuerunt
2704 1196 2907 1258 multa
2959 1195 3091 1258 alia

749 1317 916 1380 quae
960 1297 1199 1365 Caesar
1240 1302 1308 1364 in
1354 1298 1594 1363 Catone
1636 1299 2143 1381 vituperaverat,
2197 1306 2367 1364 certe
2410 1299 2747 1363 fatebimur
2788 1316 3089 1378 magnum

751 1398 1122 1466 dictatorem
1163 1403 1231 1465 in
1275 1400 1375 1466 his
1409 1399 1589 1464 libris
1633 1400 1909 1482 plurima
1951 1399 2294 1464 tradidisse
2336 1400 2427 1463 ita
2471 1408 2539 1463 ut
2582 1397 2921 1463 altitudine
2965 1419 3091 1478 qua

749 1502 1109 1568 excellebat
1152 1502 1349 1568 animi
1390 1501 1531 1584 ipse
1574 1520 1644 1566 se
1688 1502 1953 1566 exuerit.
2028 1501 2159 1566 Sed
2189 1502 2503 1567 exarsisse
2532 1500 2785 1565 videtur
2815 1519 2891 1565 eo
2922 1498 3093 1581 quod

744 1603 958 1668 nimiis
1001 1604 1319 1685 laudibus,
1366 1624 1404 1667 a
1451 1602 1756 1667 Cicerone
1797 1603 2108 1686 inprimis,
2157 1610 2447 1667 ornatum
2490 1602 2739 1667 videret
2783 1600 3089 1665 Catonem

746 1713 1005 1789 propter
1046 1706 1306 1787 „nobile
1335 1704 1576 1770 letum“
1617 1704 1802 1768 illud.
1871 1703 2310 1788 Reprehendit
2336 1705 2528 1785 igitur
2555 1704 2623 1766 in
2655 1702 2900 1767 Catone
2935 1703 3091 1766 vitia

744 1806 946 1890 ipsius
976 1807 1368 1891 reipublicae
1397 1824 1700 1870 romanae
1730 1806 2131 1889 properantis
2162 1805 2247 1870 ad
2271 1805 2615 1870 interitum.
2663 1805 3095 1869 Nihilominus

745 1913 962 1973 tamen
1006 1908 1422 1973 Anticatones
1466 1905 1762 1972 Caesaris
1818 1907 2099 1973 moribus
2155 1928 2285 1972 non
2342 1906 2570 1989 dignos
2627 1906 2820 1971 fuisse
2871 1911 3093 1987 aperte

748 2008 1088 2076 dicendum
1134 2015 1255 2091 est3
1300 2015 1471 2073 recte
1502 2009 1671 2073 enim
1701 2008 2139 2091 Archilochus,
2184 2015 2515 2093 poetarum
2545 2007 3058 2072 mordacissimus
3078 2029 3099 2069 ι

1045 2141 1116 2204 οὐ
1160 2140 1278 2224 γὰρ
1322 2140 1521 2205 ἐσθλὰ
1566 2145 1946 2205 κατθανοῦσι
1992 2151 2306 2225 κερτομεῖν
2346 2139 2442 2204 ἐπ’
2496 2139 2807 2220 ἀνδράσιν.

1616 2383 2223 2390 -——..-————.-

1180 2564 1888 2632 ADDITAMENTVM
1939 2567 2058 2633 AD
2118 2565 2653 2634 PROGRAMMA

1871 2722 1963 2768 DE

1273 2834 1341 2900 C.
1389 2833 1801 2903 CAESARIS
1846 2836 2566 2904 ANTICATONIBVS.

912 3023 1211 3105 Legimus
1257 3041 1462 3104 nuper
1502 3022 1571 3087 in
1627 3022 1787 3088 actis
1846 3022 2089 3088 diurnis
2146 3031 2382 3105 quanto
2442 3023 2670 3090 ardore
2727 3031 3090 3108 quantaque

745 3127 1024 3192 omnium
1068 3124 1378 3188 Italorum
1421 3125 1844 3190 commotione
1889 3126 2246 3190 celebratus
2298 3127 2379 3191 sit
2422 3147 2629 3191 annus
2673 3127 2908 3192 natalis
2953 3147 3090 3191 sex-

744 3228 1125 3296 centesimus
1198 3224 1400 3289 divini
1469 3232 1699 3309 poetae
1756 3227 1989 3291 Dantis
2046 3226 2382 3309 Alighierii
2439 3228 2811 3294 Florentini.
2914 3228 3091 3305 Quae

742 3350 895 3396 vero
954 3328 1308 3395 animorum
1367 3326 1776 3391 exsuscitatio
1835 3326 2010 3410 apud
2054 3328 2253 3393 Italos
2308 3349 2438 3393 non
2489 3349 2569 3394 ex
2612 3329 2841 3396 iisdem
2885 3331 3090 3394 causis

741 3427 1027 3512 profecta
1079 3445 1225 3492 esse
1280 3427 1536 3492 videtur
1588 3435 1781 3510 atque
1839 3428 2013 3512 apud
2056 3449 2173 3494 nos
2218 3429 2474 3495 Goethii
2518 3430 2939 3513 Schillerique
2983 3453 3095 3495 na-

740 3528 906 3593 tales
962 3528 1295 3593 centesimi
1346 3548 1554 3612 nuper
1609 3529 2129 3612 celebrabantur,
2188 3521 2386 3613 idque
2440 3552 2570 3596 non
2625 3553 2750 3596 uno
2805 3533 2873 3597 in
2928 3534 3088 3617 loco,

742 3629 859 3695 sed
899 3631 967 3694 in
1010 3629 1283 3712 singulis
1312 3628 1697 3698 Germaniae
1741 3625 2002 3697 urbibus
2045 3632 2509 3715 grandioribus,
2558 3634 2978 3716 omnibusque
3018 3637 3083 3699 in

741 3729 1002 3814 oppidis
1049 3737 1111 3795 et
1153 3729 1405 3805 forulis,
1469 3740 1774 3815 quotquot
1817 3736 1927 3798 vel'
1965 3733 2209 3816 aliquid
2252 3735 2712 3817 persentiscere
2755 3743 3093 3819 potuerunt

741 3832 895 3897 artis
938 3831 1226 3914 poeticae
1256 3832 1734 3898 Germanorum.
1807 3835 1999 3919 Apud
2031 3836 2230 3901 Italos
2266 3856 2424 3921 ‘vero
2468 3835 2588 3900 hoc
2629 3837 2770 3921 ipso
2814 3837 3067 3914 demum

741 3932 997 3999 saeculo
1041 3939 1104 3999 et
1146 3934 1470 4018 superiore
1508 3936 1693 4001 initia
1735 3936 1919 4019 quasi
1960 3943 2304 4022 coeperunt
2332 3936 2725 4004 efflorescere
2752 3940 3073 4005 solidioris

738 4033 1203 4118 intelligentiae
1244 4042 1608 4118 poematum
1650 4038 2096 4103 Dantinorum.
2181 4039 2318 4104 Nec
2374 4040 2633 4124 mirum3
2692 4042 2840 4107 talis
2896 4044 3063 4107 enim

740 4144 840 4202 est
879 4135 1361 4219 allegoricorum
1405 4139 1756 4205 carminum
1799 4147 2029 4205 natura
2044 4187 2061 4221 ,
2107 4146 2177 4205 ut
2217 4141 2649 4223 intelligentia
2689 4163 2820 4208 non
2871 4165 3066 4226 perae
3189 4199 3193 4204 ,

740 4257 863 4321 que
889 4245 1111 4322 pateat
1139 4238 1450 4322 omnibus,
1494 4239 1611 4305 sed
1656 4242 1925 4323 singulis
1968 4249 2212 4307 tantum
2260 4243 2368 4325 qui
2412 4243 2664 4325 penitus
2707 4244 2774 4309 in
2819 4265 2899 4310 ea
2943 4268 3089 4312 sese

738 4338 1141 4406 insinuarunt
1184 4338 1252 4404 in
1292 4338 1496 4423 iisque
1541 4343 1723 4424 quasi
1766 4342 2078 4426 habitant,
2138 4351 2206 4410 ut
2251 4345 2637 4410 contendere
2680 4347 2906 4429 possis,
2957 4350 3085 4413 exi-
