3499 5219
1247 430 1812 492 ——181—

520 597 597 661 V.
646 600 702 661 3.
777 592 1034 674 Αὐταί,
1095 616 1210 681 pro
1271 589 1508 677 αὐτάρ,
1568 597 1767 661 habet
1826 595 1980 661 Cod.
2039 594 2275 662 Herod.
2333 595 2523 679 Lips..
2595 595 2701 661 Sic

343 700 479 765 iam
525 718 608 763 ex
653 697 1051 764 Callimacho
1098 699 1334 782 (Apoll.
1383 701 1467 774 6.)
1515 699 1873 763 coniecerat
1915 698 2276 763 Piersonus.

521 800 599 866 V.
647 803 705 864 6.
776 799 900 865 Pro
943 796 1220 886 κριθαίη
1265 800 1441 883 apud
1470 800 1865 865 Herodotum
1909 801 2142 883 legitur
2183 801 2476 881 κυρβαίη,
2525 797 2700 880 apud

345 902 620 970 Suidam
663 897 951 986 κυρκαίη,
1025 902 1261 973 Postea
1302 923 1419 986 pro
1464 900 1668 985 ἕρκεα,
1718 922 1882 984 quae
1928 907 2026 968 est
2051 901 2284 984 Ilgenii
2317 901 2698 983 coniectura,

349 1005 551 1089 ἕρποι
594 1003 777 1086 Her.‚
826 1002 1026 1085 ἕρπεο
1072 1002 1338 1086 Suidas,
1387 1004 1493 1086 qui
1537 1002 1735 1068 habet
1780 1002 1973 1069 etiam
2015 1000 2180 1067 κατὰ
2225 998 2496 1085 δόρπου.
2589 1001 2701 1067 Oe-

345 1114 556 1173 terum
612 1111 759 1189 post
814 1125 1068 1171 versum
1115 1111 1172 1171 6.
1217 1105 1394 1189 apud
1438 1105 1704 1171 Suidam
1760 1104 2061 1171 inseritur
2114 1124 2338 1170 versus
2391 1104 2526 1169 hic:
2584 1105 2698 1169 νῦν

351 1206 471 1289 μὲν
530 1203 847 1291 κριθαίην
906 1200 1205 1271 εὐώπιδα
1260 1204 1756 1290 σησαμόεσσαν,
1817 1208 1923 1289 qui
1977 1227 2235 1291 prorsus
2297 1206 2479 1273 deest
2524 1205 2701 1288 apud

349 1309 745 1376 Herodotum
802 1328 1012 1390 neque
1065 1310 1198 1373 ullo
1253 1309 1444 1374 modo
1509 1309 1862 1394 syntactice
1927 1309 2223 1391 componi
2285 1314 2497 1392 potest
2557 1327 2700 1373 cum

347 1432 542 1478 versu
599 1415 661 1476 6.
680 1459 697 1493 ,
755 1411 880 1476 nisi
937 1431 1078 1476 cum
1123 1410 1227 1475 Fr.
1273 1412 1594 1476 Franckio
1651 1413 1950 1475 lacunam
2004 1411 2330 1492 statueris,
2391 1415 2504 1475 aut
2557 1415 2704 1493 post

353 1536 416 1579 V.
468 1520 564 1578 11.
611 1533 754 1577 cum
800 1512 1049 1594 Ilgenio
1094 1531 1346 1578 versum
1391 1513 1715 1578 traieceris
1774 1505 1942 1576 ἀλλὰ
2001 1505 2152 1597 φέρ’
2202 1504 2379 1592 αἶψα
2425 1511 2538 1575 νῦν
2579 1508 2701 1592 μὲν

353 1610 668 1699 κριθαίην
711 1612 857 1691 κτὲ,·
917 1614 1087 1696 quod
1135 1614 1605 1679 incommodum
1650 1621 1747 1679 est
1789 1620 1920 1678 tam
1965 1620 2226 1697 propter
2266 1613 2385 1693 μὲν
2429 1612 2701 1697 particu-

349 1719 485 1783 lam
530 1736 720 1799 quam
765 1722 1026 1799 propter
1066 1716 1232 1781 alias
1274 1735 1534 1799 causas3
1582 1735 1700 1798 ego
1744 1715 1940 1797 igitur
1968 1716 2232 1802 exulare
2258 1715 2433 1781 iussi.
2500 1714 2701 1798 Aper-

351 1827 488 1884 tum
548 1824 645 1883 est
700 1817 870 1883 enim
930 1817 1000 1881 in
1052 1817 1342 1899 margine
1398 1815 1638 1883 Suidae
1700 1816 2021 1882 adiectum
2083 1817 2280 1884 fuisse
2340 1836 2595 1882 versum
2657 1836 2701 1881 a

351 1919 768 2004 grammatico
784 1966 801 2000 ‚
878 1919 987 2001 qui
1058 1919 1400 1985 dictionem
1454 1919 1773 1985 Iresiones
1845 1919 2039 1983 simili
2102 1918 2380 1984 dictione
2434 1937 2516 1984 ex
2569 1916 2700 1981 alio

352 2024 572 2088 nescio
616 2041 740 2102 quo
783 2027 978 2103 poeta
1020 2026 1378 2087 sustentare
1421 2022 1649 2087 vellet:
1707 2039 1905 2103 quare
1961 2021 2052 2086 sic
2105 2018 2509 2087 scribendum
2562 2037 2701 2084 ver-

351 2144 497 2191 sum
540 2123 881 2188 insiticium
923 2119 1135 2202 μᾶζαν
1180 2125 1511 2205 κριθαίην,
1558 2113 1859 2186 εὐώπιδα
1912 2119 2375 2207 σησαμόεσσαν
2434 2127 2497 2187 et
2549 2120 2701 2185 hinc

349 2227 424 2292 in
479 2225 821 2291 iresionam
878 2222 1316 2306 recipiendum
1375 2242 1516 2288 esse
1571 2222 1793 2307 putavi
1848 2227 2142 2307 κριθαίη.
2239 2221 2534 2290 Ceterum
2583 2222 2700 2312 'vix

354 2348 518 2412 opus
561 2326 680 2392 erit
721 2331 791 2390 ut
832 2344 1128 2390 moneam
1170 2323 1258 2390 ad
1299 2325 1500 2390 verba
1540 2329 1816 2409 κριθαίη
1861 2324 2035 2406 μᾶζα
2077 2325 2147 2390 in
2174 2345 2366 2392 versu
2393 2323 2701 2392 iresiones

353 2430 647 2496 restituto
690 2425 1121 2511 supplendum
1165 2444 1310 2493 esse
1355 2425 1453 2511 εἴη
1493 2425 1967 2517 ,αιιῐοοοῐιᾶθιιῑο
2008 2446 2218 2493 versu.

530 2531 606 2595 V.
641 2534 698 2594 7.
760 2527 993 2594 Suidas
1021 2530 1213 2612 vulgo
1261 2527 1466 2614 δίφροι
1508 2526 1946 2614 καταβήσεται
1993 2524 2235 2612 ὑμνεῖν,
2281 2526 2455 2594 unde
2481 2527 2698 2593 Herm.

357 2635 630 2701 coniecit
684 2628 851 2696 κατὰ
908 2630 1196 2716 δίφρακα
1252 2632 1367 2705 (sic
1408 2631 1585 2715 prius
1629 2632 1823 2697 etiam
1862 2630 2212 2697 'Barnesius
2256 2650 2339 2697 ex
2379 2630 2701 2717 Hesychio

355 2734 532 2819 quod
604 2732 1010 2800 confirmatur
1079 2732 1300 2799 codice
1369 2733 1447 2797 A.
1514 2732 1777 2808 Suidae)
1846 2729 2122 2817 βήσεται
2190 2726 2456 2812 ὖπνεῒν,
2530 2730 2703 2817 quod

349 2844 682 2921 receptum
754 2855 796 2900 a
850 2835 954 2900 Fr.
1012 2835 1354 2900 FranckiO.
1447 2833 1770 2918 Sauppius
1840 2832 2007 2898 κατὰ
2081 2829 2399 2918 δίφρακος
2467 2827 2703 2919 ἤσεται

356 2938 561 3024 ὔμμιν
599 2937 713 3022 (?);
758 2933 1031 3020 Δίφραξ
1071 2943 1168 3002 est
1208 2937 1380 3009 sella,
1429 2935 1645 2999 throm'
1682 2937 1902 2999 similis
1945 2939 2007 2999 in
2051 2955 2243 3000 curru
2278 2935 2506 3020 posita.
2625 2997 2630 3002 .

528 3040 605 3105 V.
651 3042 710 3103 9.
797 3040 919 3104 Pro
987 3036 1169 3102 ἱστὸν
1233 3032 1508 3122 ὗφαίνοι
1568 3036 1807 3104 Herod.
1882 3037 2081 3104 habet
2150 3029 2427 3120 ὖφαίνοι
2495 3030 2696 3115 ἱστὸν,

355 3145 424 3210 S.
499 3135 732 3227 {quw’
813 3137 1024 3218 ἱστὸν,
1101 3138 1272 3223 quod
1346 3138 1583 3205 dudum
1655 3145 2082 3205 correxerunt.
2184 3129 2339 3202 ’Em'
2413 3128 2699 3224 ἠλέκτρῳ
2761 3134 2770 3145 ’

353 3250 669 3330 βεβαυῒα,
744 3241 921 3326 apud
978 3239 1243 3308 Suidam
1299 3239 1718 3324 depravatum
1781 3240 1850 3306 in
1907 3237 2019 3305 ἐπὶ
2079 3239 2310 3323 λέκτρα
2365 3241 2696 3325 βεβηκυῖα,

355 3348 600 3413 dictum
658 3351 754 3411 est
811 3351 880 3408 ut
939 3340 1122 3407 ἱστὸν
1178 3338 1580 3422 ἐποίχεσθαι
1635 3340 1812 3427 apud
1867 3341 2054 3408 Hom.
2105 3339 2224 3408 Od.
2256 3341 2334 3426 V,
2378 3344 2513 3425 62„
2568 3363 2721 3408 non·

357 3450 532 3515 enim
618 3443 917 3512 sedentes
1001 3443 1118 3512 sed
1202 3451 1444 3511 stantes
1523 3451 1587 3512 et
1657 3445 2119 3510 circumeuntes
2191 3444 2500 3510 texebant
2566 3465 2701 3509 mu·

359 3552 571 3617 lieres.
672 3546 791 3613 Hic
845 3554 1059 3612 autem
1117 3553 1372 3630 optatur
1424 3553 1496 3612 ut
1549 3544 1815 3614 sedulae
1869 3545 2051 3610 uxori
2115 3544 2229 3610 filii
2292 3545 2570 3613 familias
2629 3546 2700 3612 in

359 3648 695 3735 magnifico
752 3650 1121 3732 pavimento
1138 3696 1154 3729 ,
1229 3648 1417 3729 quale
1475 3653 1612 3715 erat
1663 3646 2112 3733 locupletium,
2186 3650 2505 3712 texturam
2562 3667 2702 3731 per·

362 3752 550 3820 ficere
601 3751 810 3816 liceat.

532 3854 610 3918 V.
648 3857 743 3917 10.
790 3856 883 3916 11.
957 3851 1136 3917 Haec
1176 3849 1568 3935 significant:
1611 3848 1818 3917 Venio
1861 3847 1949 3916 ad
1989 3855 2073 3933 te,
2117 3855 2183 3915 et
2226 3847 2483 3932 quidem
2526 3855 2703 3932 quot·

363 3956 552 4022 annis
591 3952 845 4035 redibo,
905 3951 1222 4035 nudisque
1275 3952 1548 4037 pedibus
1606 3952 1674 4017 in
1716 3951 1895 4018 atriis
1938 3949 2153 4034 adsto,
2213 3950 2281 4015 in
2323 3956 2590 4034 utraque
2629 3969 2702 4018 ro

362 4059 645 4122 imitatus
699 4053 1073 4121 hirundines
1128 4073 1293 4137 quae
1350 4054 1688 4137 quotannis
1744 4051 2082 4137 migrando
2123 4052 2207 4119 ad
2250 4071 2370 4119 nos
2410 4050 2699 4134 redeunt,

361 4159 555 4226 nudis
597 4165 667 4223 ut
711 4177 828 4240 ego
846 4204 862 4238 ‚
921 4161 1142 4240 utpote
1183 4156 1637 4255 pauperculus,
1683 4154 1989 4239 pedibus,
2040 4160 2104 4219 et
2145 4152 2366 4219 nidum
2408 4154 2475 4218 in
2519 4153 2701 4220 tectis

364 4260 693 4335 hominum
736 4264 1133 4341 quaerentes.
1219 4256 1505 4339 Ilgenius
1558 4276 1817 4340 prorsus
1871 4276 1914 4321 a
1954 4275 2107 4322 vero
2151 4255 2473 4322 aberravit
2510 4253 2580 4322 in
2617 4253 2699 4322 iia

362 4382 531 4446 quae
576 4362 658 4427 de
702 4358 1163 4443 significatione
1208 4358 1413 4439 ψιλοῦ
1458 4358 1754 4424 vocabuli
1799 4356 1979 4423 dixit.
