3499 5219
1352 409 1919 471 ——337—

631 574 853 656 Longe
910 573 1086 638 aliud
1141 593 1377 640 nomen
1432 595 1548 658 pro
1602 595 1923 656 gnomone
1988 596 2134 658 suo,
2210 577 2511 644 horarum
2573 580 2804 665 indice,

462 674 708 742 invenit
763 676 965 757 Meto,
1042 677 1096 740 si
1149 675 1236 740 ad
1293 676 1462 741 hunc
1516 677 1794 760 pertinet
1848 675 2021 760 quod
2079 679 2254 761 apud
2309 681 2804 764 Aristophanem

461 777 734 858 legimus
766 779 1011 843 Eccles.
1045 781 1187 843 652.
1235 799 1361 861 qua
1404 777 1624 843 fabula
1665 785 1811 843 acta
1855 785 1952 844 est
1995 777 2093 845 Ol.
2125 779 2390 863 XCVII,
2444 786 2496 847 1.
2481 830 2517 863 .‚
2563 804 2622 848 a.
2656 782 2802 850 Chr.

461 881 638 960 392„
697 881 801 945 vel
843 881 1063 963 paullo
1107 884 1289 961 ante,
1349 886 1518 945 certe
1570 881 1834 971 triginta
1888 901 2093 946 annos
2150 888 2297 964 post
2349 882 2802 968 heliotropium

459 1000 500 1044 a
528 981 828 1046 Metone
810 1003 878 1046 1n
906 981 1151 1066 Pnyce
1155 982 1581 1046 constitutum.
1655 982 2144 1065 Aristophanes
2157 983 2348 1065 igitur
2378 1004 2570 1065 quum
2602 986 2803 1053 dicat:

1919 1133 2016 1195 σοὶ
2063 1133 2130 1195 δὲ
2170 1130 2415 1214 μελήσει

584 1209 733 1277 ὅταν
773 1204 815 1298 ᾗ
861 1214 1165 1278 δεκάπουν
1207 1214 1276 1278 τὸ
1322 1225 1636 1296 στοιχεῖον,
1682 1219 1956 1301 λιπαρῶς
1991 1226 2214 1301 χωρεῖν
2257 1219 2350 1280 ἐπὶ
2396 1219 2655 1297 δεῖπνον,

453 1368 778 1451 putandus
823 1375 919 1434 est
963 1370 1342 1451 cogitavisse
1387 1369 1469 1437 de
1512 1371 1787 1436 Metonis
1831 1369 2114 1453 artificio,
2171 1373 2348 1438 cuius
2391 1391 2670 1454 gnomon
2714 1376 2799 1441 ab

452 1468 594 1552 ipso
623 1471 879 1536 Metone
920 1491 1156 1536 nomen
1199 1472 1423 1537 tulisse
1466 1470 1719 1537 videtur
1764 1476 2109 1552 στοιχεῖον,
2159 1474 2308 1555 quia
2346 1475 2413 1537 in
2443 1475 2797 1542 meridiano

455 1572 701 1653 positus
746 1578 810 1638 et
853 1573 1038 1655 quasi
1078 1593 1194 1656 pro
1237 1594 1464 1638 norma
1508 1581 1676 1639 esset
1720 1575 2005 1639 omnium
2040 1576 2418 1640 solariorum
2450 1576 2798 1645 Athenien-

450 1672 632 1754 sium,
681 1675 996 1757 simulque
1038 1675 1224 1739 initia
1266 1695 1475 1740 novae
1517 1683 1873 1759 temporum
1917 1676 2422 1742 ratiocinationis
2465 1698 2507 1742 a
2539 1679 2796 1747 Metone

451 1776 850 1857 excogitatae
905 1774 1308 1858 significaret.
1396 1777 1706 1842 Umbram
1765 1785 1980 1843 autem
2036 1797 2230 1860 quum
2285 1777 2561 1862 pedibus
2615 1783 2794 1848 meti-

447 1882 665 1941 rentur
706 1877 774 1942 in
805 1878 1078 1943 Metonis
1121 1879 1243 1943 hoc
1284 1879 1547 1944 artificio
1590 1900 1632 1944 a
1676 1880 1903 1946 ceteris
1940 1880 2189 1945 solariis
2218 1881 2570 1946 minoribus
2599 1883 2792 1966 longe

449 1975 772 2043 diversum
825 1979 1023 2045 fuisse
1072 1980 1455 2046 Metonicum
1508 1981 1842 2047 inventum
1898 1987 2094 2064 patet.
2194 1981 2348 2045 Dixi
2404 2002 2789 2064 gnomonem

403 2135 407 2139 .
447 2081 773 2158 στοιχεῖον
840 2080 1078 2146 dictum
1141 2081 1338 2147 fuisse
1402 2082 1486 2146 ab
1541 2083 1682 2165 ipso
1738 2083 2026 2164 Metone‚
2099 2103 2252 2147 nam
2308 2084 2481 2166 quod
2539 2086 2692 2152 inde
2746 2107 2789 2152 a

327 2241 331 2245 .
445 2179 710 2246 Polluce
754 2181 889 2264 (VI,
944 2187 1045 2247 44.
1135 2182 1227 2248 Of.
1273 2184 1539 2249 Photius
1581 2186 1653 2249 L.
1699 2206 1761 2249 v.
1808 2188 2164 2264 Στοιχεῖον,
2224 2184 2503 2268 Hesych.
2546 2206 2608 2251 v.
2657 2186 2785 2250 δω-

449 2278 839 2361 δεκάποδος)
870 2283 1278 2350 crediderunt
1304 2285 1702 2368 grammatici
1730 2286 1940 2369 ipsam
1983 2286 2273 2350 umbram
2318 2284 2555 2367 (σκιάν)
2601 2309 2784 2352 στοι-

437 2390 618 2462 χεῖον
664 2404 806 2450 esse
848 2392 1313 2469 nuncupatam,
1372 2408 1505 2452 non
1545 2407 1962 2470 gnomonem,
2023 2388 2372 2453 absurdum
2416 2395 2532 2455 est.
2618 2390 2785 2457 Vide

440 2484 661 2550 PetaV.
720 2478 990 2553 Dissert.
1035 2488 1184 2552 Var.
1231 2488 1388 2569 VII,
1449 2493 1506 2552 7.
1523 2536 1540 2569 ‚
1599 2490 1674 2552 A.
1720 2489 2005 2553 Becker:
2064 2487 2338 2555 Charicl.
2383 2491 2469 2554 II.
2528 2511 2590 2574 p.
2638 2493 2781 2557 490.

369 2664 380 2672 θ
441 2585 622 2652 Idem
691 2597 1016 2668 στοιχεῖον
1087 2587 1578 2673 intelligendum
1643 2596 1741 2656 est
1796 2590 1864 2655 in
1919 2589 2277 2673 fragmento
2332 2592 2782 2676 Aristophanis

441 2686 785 2771 Gerytadis
839 2690 1013 2773 apud
1056 2692 1382 2756 Pollucem
1426 2691 1556 2772 IX,
1618 2695 1719 2756 46.
1778 2690 1949 2773 quod
2007 2712 2090 2757 ex
2142 2694 2591 2760 emendatione
2633 2695 2782 2760 Por-

437 2788 579 2853 soni
634 2790 726 2855 sic
784 2791 1208 2857 exhibuerunt
1249 2789 1617 2856 Dindorfius
1670 2798 1735 2856 et
1777 2792 2096 2873 Bergkius
2148 2792 2346 2876 (apud
2386 2794 2791 2877 Meinekium⁴

435 2889 691 2973 Fragm.
737 2890 911 2956 Gom.
949 2892 1035 2973 ΙΙ,
1083 2895 1141 2955 2.
1186 2912 1248 2974 p.
1286 2892 1493 2967 1008.)
1538 2889 1753 2967 πόλος
1796 2884 1940 2953 τόδ’
1993 2890 2208 2973 ἑστίη
2252 2879 2418 2978 κᾷτα
2461 2891 2776 2977 πόστηνι)

434 2984 622 3075 ἥλιος
679 2995 1080 3075 τέτραπταις
1136 2993 1367 3058 melius
1423 2999 1643 3058 tamen
1684 2994 2092 3060 scribendum
2136 3001 2274 3060 erat
2315 2985 2478 3059 κάπὶ
2522 2993 2775 3059 πόστον

435 3099 507 3158 ut
577 3091 762 3157 πόδα
832 3094 1323 3178 intelligeretur,
1396 3100 1466 3159 ut
1527 3094 1597 3159 in
1653 3096 2141 3177 Ecclesiazusis‚
2213 3115 2344 3160 non
2412 3092 2600 3160 σκιάν
2670 3098 2776 3163 vel

435 3191 733 3280 γραμμήν
778 3197 886 3262 vel
930 3191 1135 3278 ὥραν,
1202 3196 1373 3279 quod
1428 3194 1563 3262 fieri
1618 3218 1752 3262 non
1806 3196 2030 3280 potuit.
2125 3196 2362 3262 Notum
2406 3203 2504 3263 est
2546 3197 2774 3265 eadem

432 3297 705 3362 formula
772 3298 966 3363 etiam
1026 3297 1194 3367 ,alios
1257 3296 1546 3363 Comicos
1608 3318 1758 3365 usos
1821 3318 1993 3380 esse,
2068 3302 2138 3363 ut
2208 3297 2528 3364 Eubulum
2599 3300 2776 3385 apud

434 3399 666 3476 Athen.
712 3400 764 3480 Ι,
825 3420 888 3482 p.
936 3401 994 3463 8.
1042 3399 1346 3479 (Meinek.
1393 3399 1511 3463 III.
1571 3420 1634 3483 p.
1681 3401 1851 3477 261.)

1821 3528 2061 3614 ὁπηνίκ’
2098 3556 2187 3594 αν

867 3615 1054 3679 εἴκοσι
1099 3618 1311 3680 ποδῶν
1351 3623 1671 3700 μετροῦντι
1717 3614 1788 3679 τὸ
1830 3624 2129 3697 στοιχεῖον
2168 3605 2210 3701 ᾖ
2252 3653 2338 3664 -—

432 3775 496 3835 et
536 3770 755 3853 paullo
798 3776 943 3852 post

430 4005 644 4056 Athenis
676 4005 733 4055 in
768 4006 1089 4057 meridionali
1122 4010 1267 4072 parte
1300 4005 1569 4071 Acropolis
1582 4042 1596 4069 ‚
1631 4021 1734 4057 non
1771 4021 1879 4057 esse
1911 4020 2192 4071 gnomones
2205 4042 2219 4068 ,
2261 4005 2349 4056 sed
2384 4022 2524 4059 areas
2559 4007 2615 4057 in
2650 4006 2766 4073 qui-

427 4088 523 4140 bus
569 4090 705 4141 iacta
748 4090 813 4142 ab
859 4106 1108 4156 gnomone
1157 4091 1333 4141 umbra
1376 4088 1732 4156 indagabatur.
1800 4090 1943 4141 Haec
1987 4093 2156 4141 autem
2202 4088 2474 4160 σκιόθηρα
2507 4090 2765 4145 Laconica

428 4178 574 4225 erant
606 4175 763 4240 plana
796 4192 899 4227 non
934 4178 1187 4238 excavata,
1221 4179 1282 4226 ut
1314 4176 1371 4225 in
1405 4174 1689 4226 minoribus
1720 4175 1835 4225 istis
1866 4175 2083 4226 solariis.
2142 4177 2240 4227 Pro
2263 4173 2442 4226 neutro
2463 4170 2763 4244 σκιόθηρον

428 4260 580 4309 etiam
624 4261 904 4311 masculino
951 4261 1225 4311 utebantur
1270 4255 1570 4328 σκιοθῆρας
1608 4260 1764 4311 dicto.
1835 4263 1957 4310 Ano.
1995 4259 2217 4311 Mai-bles
2251 4260 2308 4311 in
2343 4260 2431 4310 the
2467 4261 2593 4312 Brit.
2628 4261 2759 4314 Mus.

427 4342 485 4395 Τ.
521 4343 614 4408 IX,
648 4344 726 4397 Pl.
755 4347 837 4398 43.
974 4345 1011 4409 ¹)
1045 4340 1259 4408 πόστην
1292 4346 1396 4396 iam
1430 4345 1784 4397 emendaverat
1818 4343 2056 4396 Petaviuu
2091 4344 2153 4398 V.
2176 4344 2312 4402 Dias.
2335 4343 2457 4408 vn,
2487 4347 2535 4399 8.
2585 4361 2634 4412 p.
2662 4348 2764 4400 274

527 4436 806 4480 Gomnmo
852 4437 1066 4489 opuscula.
2286 4430 2354 4483 22
