3499 5219
1278 472 1406 481 ---
1507 443 1628 505 149
1711 475 1848 485 —-

388 611 524 678 Sed
580 630 666 677 ne
719 631 880 695 opus
924 609 1182 692 quidem
1226 617 1323 675 est
1364 612 1647 694 cogitare
1688 613 1982 679 villulam
1997 663 2014 697 ,
2065 616 2133 681 in
2176 637 2304 700 qua
2345 619 2739 689 educabatur

386 733 581 797 puer,
647 712 843 779 fuisse
898 712 1035 779 eius
1090 712 1558 795 patrimonium.
1658 713 1944 781 Similter
1994 716 2066 783 P.
2113 718 2419 802 Virgilius
2471 722 2540 786 in
2597 723 2735 790 dul-

385 815 645 881 cissimo
702 814 1161 899 epigrammate
1213 814 1283 879 in
1336 813 1604 899 Syronis
1657 816 1884 882 villam
1944 816 2172 898 (Catal.
2228 822 2339 897 X.)
2396 808 2463 887 ih
2519 844 2730 909 quam,

384 916 613 1000 pulsus
653 935 796 982 cum
840 916 974 982 suis
1015 936 1110 982 ex-
1139 915 1521 999 patrimonio
1565 917 1936 1002 Mantuano,
1979 919 2486 1005 immigraverat:

685 1070 929 1149 Villula,
976 1089 1129 1147 quae
1174 1069 1421 1147 Syronis
1464 1091 1617 1151 eras,
1665 1076 1725 1132 et
1766 1092 1998 1151 pauper
2041 1077 2255 1157 agello,

772 1155 997 1216 Verum
1037 1155 1127 1214 illi
1167 1156 1399 1217 domino
1442 1161 1508 1216 tu
1554 1174 1791 1234 quoque
1833 1157 2092 1239 divitiae,

681 1241 778 1301 Me
819 1240 926 1301 tibi
968 1244 1028 1301 et
1067 1240 1178 1301 hos
1219 1259 1341 1300 una
1380 1259 1626 1321 mecum,
1672 1260 1823 1319 quos
1866 1261 2101 1322 semper
2142 1249 2351 1327 amavi,

774 1325 838 1387 Si
881 1325 1023 1402 quid
1063 1325 1139 1387 de
1182 1326 1379 1404 patria
1417 1327 1643 1388 tristius
1685 1329 1949 1408 audiero,

685 1411 1058 1491 Commendo,
1101 1410 1488 1489 inprimisque
1529 1415 1779 1489 patrem.
1861 1414 1957 1475 Tu
1999 1434 2154 1477 nunc
2198 1417 2315 1479 eris
2357 1418 2444 1479 illi

772 1498 1016 1558 Mantua
1056 1497 1217 1574 quod
1259 1495 1456 1558 fuerat
1496 1498 1776 1574 quodque
1821 1498 2110 1583 Cremona
2150 1501 2333 1578 prius.

419 1953 540 2018 DE
586 1948 1123 2019 ARGVMENTO
1168 1950 1579 2018 CARMINIS
1616 1952 1748 2019 XX
1792 1953 2029 2019 LIBRI
2057 1955 2159 2021 III
2187 1955 2262 2036 Q.
2293 1956 2673 2025 HORATII.

863 2141 1000 2201 Non
1042 2138 1209 2199 vides
1253 2143 1475 2215 quanto
1516 2158 1756 2202 moveas
1796 2141 2043 2222 periclo,

864 2223 1121 2304 Pyrrhe,
1165 2224 1453 2286 Gaetulae
1493 2226 1722 2287 catulos
1764 2226 2054 2291 leaenae?

862 2311 1034 2371 Dura
1074 2311 1211 2387 post
1251 2309 1455 2387 paullo
1499 2309 1692 2388 fugies
1733 2310 1990 2373 inaudax

1080 2394 1320 2455 Proelia
1359 2398 1584 2476 raptor,

862 2546 1054 2621 Quum
1098 2565 1207 2625 per
1250 2548 1552 2609 obstantes
1593 2548 1871 2608 iuvenum
1914 2553 2184 2611 catervas
2670 2559 2706 2615 5

858 2635 977 2694 Ibit
1016 2634 1306 2711 insignem
1347 2639 1625 2711 repetens
1667 2634 2026 2714 Nearchum,

856 2718 1094 2781 Grande
1135 2722 1451 2797 certamen,
1492 2719 1600 2780 tibi
1638 2720 1866 2799 praeda
1904 2720 2075 2781 cedat

1072 2803 1261 2865 Maior
1301 2823 1377 2864 an
1420 2803 1526 2866 illi.

851 2953 1111 3034 Interim,
1155 2954 1294 3015 dum
1334 2959 1400 3017 tu
1442 2956 1671 3017 celeres
1711 2956 1957 3033 sagittas

850 3040 1097 3119 Promis,
1140 3039 1290 3101 haec
1332 3040 1537 3101 dentes
1579 3041 1739 3101 acuit
1779 3041 2088 3119 timendOS,
2626 3049 2698 3103 10

849 3124 1091 3187 Arbiter
1134 3144 1370 3203 pugnae
1411 3124 1682 3204 posuisse
1724 3127 1884 3186 nudo

1070 3209 1193 3270 Sub
1236 3211 1388 3287 pede
1431 3211 1684 3287 palmam

912 3363 1150 3441 Fertur,
1194 3366 1254 3422 et
1295 3363 1416 3423 leni
1455 3381 1729 3424 recreare
1774 3367 1952 3424 vento

917 3446 1202 3524 Sparsum
1241 3448 1500 3510 oderatis
1542 3448 1850 3508 humerum
1892 3447 2142 3526 capillis,

916 3530 1120 3609 Qualis
1163 3537 1266 3593 aut
1309 3533 1527 3594 Nireus
1570 3532 1684 3593 fuit
1726 3537 1830 3593 aut
1871 3550 2096 3610 aquosa
2617 3537 2689 3592 15

1135 3617 1363 3696 Raptus
1406 3619 1481 3679 ab
1524 3619 1649 3678 Ida.

520 3769 718 3834 Recte
745 3766 909 3833 dixit
935 3767 1425 3853 Peerlkampius
1467 3768 1893 3851 ,‚obscurum“
1937 3788 2084 3836 esse
2109 3786 2387 3849 carmen,
2433 3773 2498 3834 et
2533 3788 2695 3837 sane

347 3889 542 3953 quam
585 3870 921 3935 obscurum
965 3876 1063 3935 est
1103 3870 1159 3935 si
1188 3871 1528 3936 Gaetulam
1569 3871 1868 3936 leaenam
1910 3870 2016 3937 vel
2058 3876 2328 3935 matrem
2359 3869 2690 3954 intelligas

347 3970 630 4038 Nearchi
699 3970 1128 4038 adolescentis
1180 3973 1320 4055 vel,
1392 3971 1562 4054 quod
1613 3971 1897 4057 ineptius
1951 3971 2147 4039 etiam
2201 3976 2298 4037 est
2310 4017 2329 4052 ,
2402 3971 2687 4055 puellam

348 4073 674 4157 quandam
736 4072 1019 4139 sauciam
1074 4092 1293 4140 amore
1345 4072 1645 4139 Nearchi.
1742 4072 2028 4158 Pyrrhus
2095 4071 2448 4140 secundum
2517 4073 2689 4140 hanc

344 4174 730 4243 sententiam
784 4174 1015 4240 dicitur
1070 4183 1325 4259 raptum
1380 4180 1466 4255 (V.
1514 4178 1576 4253 4)
1634 4174 2001 4241 Nearchum
2056 4176 2329 4242 catervis
2382 4174 2686 4244 iuvenum

347 4282 434 4355 (v,
479 4278 541 4353 5)
587 4275 962 4360 constipatis
1000 4275 1346 4346 tradidisse
1398 4297 1483 4345 ne
1525 4284 1936 4361 repeteretur.
2021 4274 2163 4342 Iam
2204 4276 2273 4341 in
2315 4294 2393 4342 eo
2436 4283 2534 4342 est
2574 4277 2683 4342 vel

342 4385 547 4446 mater
587 4378 868 4445 Nearchi
908 4379 1014 4445 vel
1069 4380 1288 4462 puella
1335 4379 1551 4445 nescio
1594 4399 1762 4462 quae
1806 4376 2146 4463 deperiens
2186 4375 2678 4459 adolescentem,
