3499 5219
1576 500 1587 521 f
1661 451 1796 456 -m—
1883 418 1921 481 8
2008 451 2142 458 —···

737 586 1015 654 Codrum
1057 585 1406 652 audiverat.
1495 586 1652 649 Erat
1689 584 2021 649 familiaris
2063 584 2345 665 Lutheri,
2392 584 2750 666 Reuchlini,
2797 585 3090 665 Huttcni,

739 689 1055 773 Spalatini
1072 736 1089 770 ,
1147 688 1227 752 H.
1271 686 1522 753 Eobani
1565 686 1787 769 Hessi,
1844 686 2096 752 Erasmi
2145 683 2707 752 Roterodamensis
2719 735 2740 768 ,
2798 686 3088 752 Vdalricf

739 791 911 856 Zasii
925 838 942 873 ,
1014 788 1168 854 Aldi
1210 789 1479 855 Manutii
1535 789 1824 853 aliorum.
1910 790 2060 855 Non
2105 787 2418 855 dubitavit
2460 788 2686 854 Zasius
2726 789 3081 853 Mutianum

741 891 954 957 dicere
980 890 1333 956 Varronem
1364 891 1812 956 Germanicum
1840 897 1906 957 et
1931 910 2092 955 suae
2115 891 2345 955 aetatis
2375 889 2763 956 Ciceronem.
2781 876 2823 968 ¹)
2896 890 3083 969 Quod

741 1013 1104 1076 quanquam
1147 994 1366 1076 paullo
1408 991 1702 1077 cupidius
1747 993 1985 1057 dictum
2031 992 2424 1056 demonstrat
2451 999 2670 1056 tamen
2700 1013 2823 1075 quo
2853 993 3096 1058 ardore-

739 1096 856 1160 illa
896 1101 1077 1160 aetas
1119 1096 1409 1161 venerari
1454 1097 1688 1162 soleret
1730 1095 1938 1159 virum
1986 1093 2431 1176 gravissimum
2446 1143 2462 1176 ,
2537 1095 2646 1176 qui
2703 1101 2893 1177 caput
2948 1102 3081 1159 tum

743 1203 881 1263 erat
937 1196 1217 1261 omnium
1273 1214 1519 1276 eorum,
1596 1196 1704 1278 qui
1769 1195 1980 1261 studia
2033 1196 2446 1261 humanitatis
2517 1197 3082 1280 amplectebantur.

740 1299 1019 1366 Faverat
1057 1298 1249 1379 igitur
1274 1297 1598 1362 Mutianus
1640 1297 1724 1365 ab
1752 1297 1933 1363 initio
1963 1298 2416 1379 reformationi,
2459 1304 2545 1379 at,
2592 1318 2785 1379 quum
2818 1297 3087 1363 vidisset

746 1421 869 1484 quo
911 1419 1178 1484 pergere
1218 1397 1481 1465 tandem
1522 1399 1647 1465 sibi
1688 1398 2014 1465 videretur
2055 1400 2330 1483 impetus
2373 1401 2682 1480 virorum,
2742 1400 2824 1464 ab
2876 1400 3085 1482 spatio
3141 1428 3142 1431 ¹

744 1522 952 1586 paene
996 1500 1260 1567 decurso
1303 1500 1389 1565 ad
1432 1520 1717 1567 carceres
1762 1501 2229 1583 quodammodo
2273 1521 2344 1567 se
2387 1502 2741 1583 revocavit,
2789 1508 2858 1565 ut
2899 1503 3086 1566 Eras-

744 1616 906 1687 muS,
951 1610 1019 1677 ut
1061 1603 1285 1669 Crotus
1327 1604 1699 1685 Rubeanus,
1746 1602 1869 1668 Vd.
1914 1604 2158 1685 Zasius,
2204 1604 2486 1669 Thomas
2527 1604 2762 1685 Morus,
2807 1603 2860 1667 Ι.
2905 1602 3096 1668 Cuia—

746 1707 881 1773 cius
936 1705 1067 1771 alii.
1150 1707 1435 1770 Mortuus
1488 1712 1585 1771 est
1628 1705 1880 1770 Gothae
1933 1705 2011 1768 A.
2055 1704 2410 1770 MDXXVI
2452 1712 2807 1786 temporum
2855 1704 3106 1769 iniuria.

745 1809 1069 1892 pressus-²)
1139 1806 1465 1872 Habemus
1506 1806 1575 1871 in
1618 1806 1755 1873 eius
1799 1807 2158 1889 sepulcrum
2187 1806 2436 1888 Stigelii
2477 1806 2697 1886 nostri,
2744 1807 2925 1888 pueri
2954 1813 3090 1870 tum

747 1908 1044 1975 undecim
1099 1920 1410 1975 annorum
1425 1957 1441 1989 ,
1515 1908 1936 1991 epigramma,
2010 1906 2182 1990 quod
2238 1908 2507 1973 Mutiani
2561 1908 2887 1989 ingenium
2958 1928 3094 1972 non

744 2013 966 2096 inepte
1010 2009 1326 2075 describit.
1343 2010 1387 2085 ³)

1034 2147 1166 2212 Hac
1202 2146 1526 2206 tumulatus
1570 2145 1743 2205 humo
1789 2146 1980 2207 Rufus
2021 2150 2158 2224 post
2200 2145 2324 2206 fata
2367 2148 2638 2222 quiesco:

1117 2233 1325 2291 Ardua
1367 2232 1471 2307 qui
1513 2231 1736 2290 clarum
1779 2250 1989 2291 nomen
2032 2233 2110 2291 ad
2154 2236 2314 2291 astra
2355 2233 2482 2291 tuli.

1035 2318 1233 2377 Prima
1274 2316 1413 2377 mihi
1454 2320 1696 2376 tenerae
1740 2317 1902 2377 dedit
1943 2317 2304 2377 incunabula
2345 2317 2501 2377 vitae

1119 2401 1352 2478 Hessia,
1398 2402 1632 2461 silvosis
1673 2405 1838 2461 terra
1882 2402 2143 2461 recincta
2185 2402 2357 2478 iugis.

1041 2489 1187 2549 Cum
1226 2486 1366 2546 mihi
1407 2487 1601 2546 adhuc
1642 2487 1819 2546 viridi
1860 2490 2140 2545 vernaret
2179 2487 2324 2546 flore
2367 2486 2664 2565 iuventuS,

1122 2574 1251 2632 Nec
1292 2575 1522 2649 tegeret
1563 2572 1747 2631 flavas
1792 2572 2026 2649 hispida
2068 2572 2256 2633 barba
2297 2589 2502 2649 genas,

1038 2660 1335 2735 Ingenuas
1379 2657 1536 2718 colui
1575 2659 1761 2717 Musis
1800 2658 2148 2718 ducentibus
2192 2662 2370 2735 artes,

1122 2744 1374 2803 Deditus
1418 2746 1476 2802 et
1518 2743 1726 2802 studiis
1768 2749 1938 2803 nocte
1981 2744 2196 2820 dieque
2239 2742 2344 2801 fui.

1039 2828 1194 2888 Hinc
1234 2828 1411 2887 didici
1452 2846 1649 2887 rerum
1690 2829 1888 2887 varias
1932 2846 2287 2905 cognoscere
2332 2845 2559 2905 causas,

1125 2912 1405 2989 Quasque
1448 2914 1606 2989 parit
1645 2913 1823 2972 miras
1864 2918 2027 2973 terra
2066 2912 2400 2988 fretumque
2445 2913 2624 2972 vices.

993 3057 1011 3078 ‚
1037 2999 1341 3058 Interdum
1382 3017 1592 3059 versus
1636 3003 1695 3056 et
1737 2999 1957 3059 blanda
1999 3001 2271 3076 poemata
2312 2997 2474 3076 finxi,

1121 3086 1424 3143 Musarum
1467 3088 1527 3143 et
1566 3087 1767 3142 vatum
1809 3084 2094 3161 prodigus
2139 3082 2354 3159 hospes
2400 3100 2579 3160 eram,

1041 3170 1305 3245 Cumque
1347 3169 1488 3227 mihi
1529 3170 1688 3229 vires
1731 3169 2069 3245 provectior
2111 3169 2357 3227 adderet
2399 3172 2582 3246 aetas,

1126 3255 1285 3315 Cura
1325 3253 1467 3312 mihi
1508 3255 1675 3329 leges
1718 3271 1964 3313 noscere
2007 3254 2152 3312 iuris
2195 3256 2341 3312 erat.

1042 3340 1159 3400 Sed
1199 3338 1361 3415 mihi,
1403 3340 1508 3397 sed
1553 3338 1756 3416 Musis,
1800 3339 1905 3398 sed
1949 3339 2101 3398 caris
2145 3354 2319 3396 carus
2362 3338 2563 3397 amicis

1125 3423 1281 3500 Vixi,
1327 3426 1386 3481 et
1427 3423 1728 3499 solivagae
1772 3425 1936 3500 pacis
1980 3427 2202 3482 amator
2245 3439 2424 3481 eram.

1040 3508 1228 3569 Aulas
1271 3508 1590 3584 praecipue
1632 3507 1783 3586 fugi,
1824 3508 1965 3585 quia
2006 3508 2229 3566 fulmen
2273 3509 2349 3566 ab
2394 3508 2545 3566 aulis

1125 3594 1205 3653 Et
1245 3591 1483 3652 fortuna
1523 3593 1692 3653 bonis
1733 3611 1914 3670 saepe
1956 3594 2193 3653 sinistra
2233 3593 2412 3652 venit.

1043 3678 1253 3739 Omnia
1292 3677 1539 3737 ridicule
1583 3679 1860 3755 quoniam
1901 3679 2152 3737 transire
2195 3678 2488 3756 videbam,

1124 3764 1261 3824 Non
1302 3762 1420 3824 sitii
1462 3763 1618 3823 tituli
1662 3763 1896 3824 nomina
1939 3782 2154 3840 magna
2196 3762 2326 3821 mei.

791 3936 965 3945 .—-—-——-—
996 3937 1005 3938 κ

896 4034 931 4097 ¹)
966 4027 1031 4085 V.
1066 4033 1150 4084 W.
1186 4034 1248 4083 Ε.
1284 4032 1533 4083 Tentzelii
1569 4032 1747 4098 Suppl.
1784 4031 1923 4082 Hist.
1962 4032 2112 4081 Goth.
2149 4030 2210 4081 V.
2245 4031 2384 4080 Zasii
2433 4030 2589 4080 vitam
2635 4045 2798 4095 nuper
2844 4028 3122 4092 eleganter·

760 4118 1030 4184 descripsit
1063 4118 1129 4169 R.
1168 4119 1521 4185 Stintzinyius:
1569 4118 1748 4168 Ulrich
1782 4118 1977 4168 Zasius.
2045 4117 2150 4167 Ein
2185 4116 2394 4181 Beitrag
2425 4131 2516 4166 zur
2551 4116 2730 4165 Gesch.
2767 4116 2815 4165 d.
2851 4114 3108 4165 RechtAW.

760 4207 833 4255 im
864 4203 1110 4254 Zeitalter
1144 4202 1234 4252 der
1266 4202 1636 4254 Reformation.
1674 4204 1821 4255 1857.
1959 4203 2000 4267 2)
2038 4202 2097 4252 V.
2135 4204 2197 4251 de
2230 4201 2466 4251 Mutiano
2501 4202 2568 4251 D.
2596 4202 2686 4251 Fr.
2722 4200 2972 4251 Straussii
3003 4198 3104 4247 viri

762 4289 946 4340 eximii·
969 4290 1127 4339 vitam
1162 4288 1383 4338 Hutteni
1418 4288 1487 4337 11.
1525 4303 1573 4352 p.
1611 4289 1726 4340 340.
1766 4294 1816 4337 et
1835 4287 2230 4355 Kampfschultt‘i
2254 4287 2441 4337 librum
2472 4287 2554 4337 die
2572 4285 2888 4336 Universitat
2905 4285 3124 4336 Erfurtoe

759 4377 801 4425 Ι.
838 4391 887 4441 p.
927 4376 1008 4426 74.
1149 4372 1188 4437 ³)
1226 4372 1283 4424 T.
1318 4372 1413 4422 111.
1450 4373 1486 4426 f.
1523 4374 1589 4425 99
1626 4390 1669 4424 v,
