3499 5219
1677 368 2241 431 -232—

803 559 947 609 csse
991 558 1134 606 eam
1162 539 1243 604 ob
1287 557 1563 618 causam,
1608 542 1678 601 ut
1719 532 2094 617 significatio
2136 533 2262 616 ipsi
2304 532 2399 599 rei
2425 538 2694 598 naturae
2731 531 2939 613 magis
2981 552 3117 596 con—
3191 572 3201 578 -

809 642 1074 710 veniret.
1140 639 1271 706 Sed
1300 659 1411 704 cur
1438 638 1764 703 bibentem
1792 636 2181 720 Aeschylum
2212 633 2407 701 fecit}>
2452 634 2600 699 Non
2629 640 2761 698 tam
2789 640 3122 716 propterea

816 742 987 826 quod
1028 739 1296 822 μεθύων
1329 738 1571 823 ἔγραφε
1598 735 1717 813 τὰς
1744 737 2130 821 τραγῳδίας,
2176 744 2245 802 ut
2289 734 2722 802 Chamaeleon
2753 734 2914 799 dixit
2957 734 3126 818 apud

725 860 732 866 '
808 846 1231 924 Athenaeum,
1297 840 1616 907 Plutarch.
1677 840 1899 924 Symp.
1966 838 2109 921 VH,
2183 843 2301 920 10„
2368 838 2499 919 alii,
2566 836 2683 904 sed
2745 844 2814 902 ut
2872 837 3127 903 omnino

810 946 1063 1013 Baccho
1107 943 1355 1029 operari
1385 939 1708 1009 videretur
1748 948 1959 1025 poeta,
2005 940 2395 1006 dramaticae
2435 940 2648 1023 poesis
2690 938 2950 1005 tutelari
2992 939 3129 1021 deo,

813 1068 999 1133 quem
1039 1045 1183 1130 ipse
1222 1051 1593 1112 narraverat
1633 1042 2010 1127 Aeschylus,
2066 1041 2135 1107 in
2177 1042 2425 1107 somnio
2467 1042 2675 1107 visum
2689 1091 2705 1124 ‚
2764 1041 3134 1126 tragoediae

811 1149 1101 1234 spiritum
1143 1146 1265 1214 sibi
1304 1145 1577 1227 afflasse,
1634 1137 1918 1210 vinetum
1971 1143 2245 1228 patrium
2299 1144 2684 1209 custodienti
2739 1143 3037 1223 (Pausan.
3082 1144 3133 1225 1,

814 1255 917 1333 21,
963 1255 1047 1324 4).
1121 1247 1545 1331 Intelligimus
1585 1246 1778 1330 igitur
1822 1243 2235 1309 διονυσιακὸν
2279 1264 2421 1313 esse
2461 1253 2717 1331 poetam
2761 1265 2950 1330 quem
2994 1266 3138 1310 con-

814 1351 1131 1436 spicimus.
1195 1350 1492 1415 Fortasse
1521 1347 1712 1414 etiam
1740 1347 2005 1413 thronus
2047 1348 2178 1429 ille,
2222 1347 2293 1413 in
2322 1367 2444 1431 quo
2488 1347 2818 1414 sedentem
2846 1347 3139 1413 videmus

815 1452 1236 1537 Aeschylum,
1298 1450 1574 1535 pertinet
1626 1448 1714 1514 ad
1770 1447 1884 1511 τὸν
1937 1450 2052 1531 τῆς
2110 1449 2476 1533 τραγῳδίας
2531 1446 2778 1530 θρόνον
2835 1447 3143 1532 Aeschyli

815 1556 883 1621 in
946 1551 1392 1637 Aristophanis
1453 1551 1654 1617 Ranis
1721 1554 1862 1617 782.
1972 1551 2168 1617 Recte
2230 1558 2443 1617 autem
2505 1550 2822 1633 Bergkius
2889 1549 3142 1616 videtur

817 1656 1172 1739 suspicatus
1214 1673 1357 1720 esse
1410 1652 1478 1718 in
1522 1652 1813 1736 sepulcro
1855 1651 2162 1737 Aeschyli
2214 1654 2409 1719 talem
2470 1653 2817 1735 imaginem
2872 1671 3141 1734 eamque

817 1758 1252 1842 symbolicam,
1312 1754 1567 1838 qualem
1609 1753 1892 1836 scalptor
1942 1753 2011 1819 in
2066 1775 2320 1838 gemma
2372 1754 2754 1821 Stoschiana
2807 1753 3139 1839 expressit,

816 1859 1011 1925 fuisse
1038 1858 1384 1939 caelatam3
1429 1874 1619 1938 quam
1647 1861 1872 1939 postea
1899 1854 2115 1939 inepte
2156 1856 2248 1922 ita
2285 1857 2682 1940 interpret-ati
2711 1863 2857 1921 sunt
2884 1855 3140 1939 posteri,

820 1967 889 2026 ut
929 1966 1194 2024 mortem
1246 1957 1454 2041 ipsam
1495 1955 1802 2040 Aeschyli
1855 1957 1924 2022 in
1992 1976 2185 2040 opere
2237 1958 2610 2042 anaglypho
2672 1956 2945 2023 effictam
3003 1976 3142 2023 esse

823 2059 1123 2127 dicerent.
1208 2056 1587 2140 Quanquam
1628 2077 1761 2123 non
1817 2058 2087 2124 dixerim
2132 2059 2333 2125 Gelae
2374 2059 2496 2124 hoc
2536 2060 2772 2124 factum
2816 2079 2958 2125 esse
2973 2107 2989 2140 ,
3036 2059 3144 2123 ubi

821 2167 1104 2228 mortuus
1132 2166 1229 2226 est
1256 2158 1635 2242 Aeschylus,
1678 2157 1797 2225 sed
1823 2158 2094 2225 Athenis
2123 2161 2351 2243 potius,
2381 2167 2451 2226 ut
2478 2161 2746 2226 coniecit
2774 2161 3140 2242 Teuffelius,

821 2264 890 2328 in
919 2261 1295 2344 cenotaphio
1324 2268 1554 2344 poetae
1582 2266 1822 2327 erecto:
1864 2279 2016 2326 nam
2045 2261 2115 2326 in
2141 2262 2390 2327 theatro
2418 2262 2674 2344 Bacchi,
2704 2262 2814 2328 ubi
2841 2261 3144 2344 Aeschyli

823 2356 1168 2446 imaginem
1210 2362 1565 2428 Pausanias
1606 2361 1858 2427 viderat
1903 2362 1977 2444 (I,
2025 2366 2126 2445 21,
2172 2367 2278 2444 4.)‚
2325 2384 2515 2447 quam
2560 2362 2721 2429 dixit
2759 2365 2962 2429 multo
3005 2371 3145 2447 post

826 2466 1135 2550 picturam
1191 2483 1448 2549 pugnae
1489 2462 1932 2530 Marathoniae
1990 2464 2080 2544 (in
2119 2463 2397 2542 Poecile)
2454 2465 2688 2530 factam
2744 2465 2866 2531 sibi
2920 2464 3139 2543 videri,

831 2586 962 2633 non
1004 2565 1195 2632 facile
1238 2563 1614 2631 crediderim
1657 2565 1790 2631 tale
1832 2565 2233 2632 simulacrum
2275 2565 2471 2632 fuisse
2513 2567 2927 2650 propositum.
3012 2566 3146 2632 Hoc

830 2669 998 2735 enim
1041 2674 1112 2734 ut
1151 2666 1407 2734 credam
1436 2666 1684 2733 duobus
1726 2668 2117 2750 argumentis
2145 2668 2456 2750 adducor3
2501 2669 2771 2752 primum
2802 2668 2972 2751 quod
3001 2688 3147 2735 vere

828 2789 1061 2853 graeca
1115 2776 1213 2836 est
1264 2768 1517 2834 testudo
1570 2768 1640 2834 in
1694 2788 1947 2852 gemma
2002 2769 2282 2852 caelata,
2343 2789 2507 2853 quae
2561 2790 2771 2852 neque
2821 2771 2890 2835 in
2933 2771 3147 2836 Sicilia

830 2890 1037 2954 neque
1079 2869 1149 2935 in
1190 2870 1384 2935 Italia
1438 2876 1569 2935 tam
1614 2871 1834 2936 crebro
1887 2870 2208 2937 invenitur
2250 2892 2438 2954 quam
2489 2871 2558 2936 in
2601 2871 2900 2953 Graecia,
2959 2871 3147 2955 inpri-

831 2973 1079 3054 misque
1132 2971 1201 3036 in
1248 2970 1563 3054 Arcadia,
1621 2971 1730 3037 ubi
1787 2973 1997 3056 lyram
2037 2972 2362 3039 invenisse
2407 2973 2633 3039 dicitur
2674 2973 3019 3039 Mercurius
3064 2978 3143 3052 (v.

831 3074 1051 3160 hymn.
1110 3073 1280 3139 hom.
1335 3073 1404 3138 in
1446 3073 1635 3138 Merc.
1694 3073 1893 3157 init.);
1954 3074 2088 3139 illic
2144 3074 2312 3140 enim
2366 3075 2739 3157 grandiores
2793 3074 3148 3140 huiusmodi

834 3175 1187 3242 testudines
1240 3181 1588 3240 nascuntur
1645 3194 1888 3257 eaeque
1932 3174 2092 3239 Pani
2136 3195 2357 3241 sacrae
2401 3183 2585 3241 erant
2628 3177 2925 3255 (Pausan.
2971 3176 3144 3258 VIII,

838 3279 982 3354 54.).
1068 3276 1357 3342 Alterum
1399 3283 1837 3359 argumentum
1897 3283 1959 3343 et
2007 3277 2076 3341 id
2119 3277 2374 3360 quidem
2428 3277 2685 3360 gravius
2738 3278 2808 3342 in
2864 3298 2940 3344 eo
2978 3278 3149 3355 *mihi

835 3378 1147 3462 reperisse
1187 3377 1429 3458 videor,
1488 3377 1658 3460 quod
1700 3377 2161 3462 Aristophanes
2216 3378 2426 3463 ipsum
2484 3378 2874 3463 Aeschylum
2933 3380 3147 3459 (Ranis

839 3482 1006 3557 892.)
1050 3479 1143 3544 ita
1183 3479 1546 3561 loquentem
1587 3477 1858 3546 inducit:

1395 3623 1485 3690 ὅτι
1529 3626 1567 3709 ἦ
1610 3628 1849 3709 ποίησις
1893 3626 2023 3709 οὐχὶ
2067 3629 2441 3711 συντέθνηκέ
2476 3653 2603 3709 μοι,
2694 3618 2700 3625 ’

842 3781 1011 3865 quod
1053 3780 1350 3865 publicae
1390 3780 1659 3848 alicuius
1703 3781 1785 3848 de
1826 3783 2058 3850 virtute
2098 3804 2368 3868 poeseos
2407 3783 2811 3869 Aeschyleae
2867 3783 3148 3850 testifica-

839 3881 1029 3948 tionis
1071 3882 1377 3949 honorem
1420 3903 1551 3948 non
1593 3888 1759 3951 tecte
1799 3884 2083 3951 indicare
2131 3886 2400 3952 videtur.
2491 3887 2659 3951 Nam
2702 3884 2871 3969 quod
2914 3885 3150 3950 scholia

841 3982 928 4050 ad
968 3984 1139 4049 hunc
1180 3984 1389 4048 locum
1434 3983 1649 4063 (etiam
1692 3984 1970 4050 Acharn.
2021 3989 2142 4064 10.)
2200 3986 2283 4053 de
2326 3986 2675 4052 commissis
2730 3986 2835 4050 vel
2864 3985 3151 4055 ‚defuncti

844 4091 1071 4171 poetae
1099 4084 1333 4151 fabulis
1358 4083 1426 4149 id
1454 4085 1968 4169 interpretantur,
2001 4088 2193 4167 (adde
2220 4088 2420 4153 vitam
2440 4087 2776 4171 Aeschyli:
2799 4080 3150 4172 Ἀθηναῖοι

846 4186 916 4253 δὲ
958 4187 1272 4254 τοσοῦτον
1313 4178 1657 4270 ἠγάπησαν
1700 4184 1994 4266 Αἰχύλον
2042 4185 2130 4266 ὡς
2173 4186 2616 4274 ψηφίσασθαι
2657 4185 2821 4271 μετὰ
2865 4187 3148 4253 θάνατον

843 4282 1044 4354 αὐτοῦ
1088 4286 1201 4352 τὸν
1243 4285 1642 4372 βουλόμενον
1689 4287 2018 4355 διδάσκειν
2059 4288 2252 4373 χορὸν
2310 4292 2415 4369 [al.
2456 4288 2714 4374 χρυσὸν]
2759 4288 3146 4374 λαμβάνειν),
