3499 5219
1222 428 1791 489 ——111—

335 591 619 658 Venerat
642 593 1004 659 Erfordiam
1032 591 1383 659 studiorum
1411 613 1607 661 causa
1634 593 1864 662 Comes
1901 595 2156 678 quidem
2188 595 2673 678 Hennebergae,

334 696 525 761 homo
567 695 736 761 bene
775 695 1100 780 barbatus,
1145 694 1354 762 sedati
1398 698 1706 781 pecton’s3
1755 704 2024 764 venerat
2063 717 2205 763 eum
2247 697 2507 780 agmine
2548 715 2675 763 ser-

332 814 558 863 vorum
600 797 872 880 aliisque
911 816 1187 882 magnae
1229 798 1598 882 opulentiae
1649 799 1993 865 illecebris.
2087 799 2272 864 Hunc
2321 799 2514 882 igitur
2567 818 2675 864 ex-

331 900 575 983 templo
646 909 975 966 rectorem.
1025 897 1201 965 avidi
1271 908 1491 966 creant
1559 908 1778 984 patres
1847 901 2187 986 conscripti
2249 900 2671 983 Erfurtenses,

331 1002 880 1086 iuramentumque
935 1001 997 1069 ei
1062 1020 1204 1067 cum
1259 1002 1506 1085 ingenti
1560 1001 1790 1068 ardore
1860 1010 2151 1086 praestat
2217 1009 2354 1068 tota
2410 1002 2675 1068 Vniver-

333 1104 510 1170 sitas.
598 1104 721 1170 Ille
762 1110 976 1169 autem
1019 1122 1137 1187 per
1176 1110 1305 1170 tres
1347 1123 1602 1170 menses
1643 1125 1787 1169 cum
1830 1125 2068 1187 magna
2111 1104 2426 1187 dignitate
2471 1104 2671 1188 pallio

332 1225 484 1271 usus
513 1211 611 1271 est
637 1225 973 1290 purpureo,
1016 1205 1353 1289 fascesque
1379 1207 1580 1288 gessit
1605 1205 2023 1272 academicos.
2082 1207 2427 1272 Paullatim
2456 1214 2673 1273 tamen

331 1306 567 1372 dubius
637 1307 720 1373 de
791 1306 1036 1390 origine
1106 1307 1384 1373 hominis
1454 1307 1851 1391 obscuraque
1922 1309 2058 1375 eius
2117 1316 2311 1391 gente
2367 1308 2675 1374 mussavit

331 1428 544 1475 rumor
559 1458 576 1491 ,
606 1408 1044 1491 2tandemque,
1105 1429 1298 1491 quum
1342 1409 1468 1492 ipsi
1511 1408 1791 1476 Comites
1834 1410 2305 1494 Hennebergici
2347 1410 2483 1477 eius
2527 1431 2673 1474 con-

332 1511 829 1594 sanguinitatem
870 1530 1129 1596 prorsus
1170 1517 1563 1595 respuerent,
1609 1531 1740 1577 non
1772 1511 2078 1578 Comitem
2124 1532 2289 1595 eum,
2335 1512 2452 1578 sed
2480 1513 2672 1597 phry-

330 1615 589 1698 gionem
633 1633 775 1680 esse
815 1612 1145 1698 apparuit,
1200 1614 1242 1678 i.
1289 1633 1344 1679 e.
1390 1612 1713 1696 opificem,
1767 1613 1874 1697 qui
1917 1634 2038 1678 acu
2080 1621 2292 1681 vestes
2334 1615 2670 1680 mulierum

331 1717 673 1802 pingebat,
733 1735 847 1782 seu
901 1715 1115 1801 potius
1160 1751 1249 1764 —-
1303 1715 1456 1798 quid
1515 1714 1685 1780 enim
1740 1714 2101 1781 fastidimus
2152 1717 2428 1801 simplex
2491 1716 2672 1781 inno·

333 1838 644 1902 cuumque
685 1818 1065 1884 vocabulum
1080 1816 1115 1881 ‘3
1159 1852 1239 1864 -
1284 1823 1611 1882 sartorem.
1685 1816 2082 1900 Simulatque
2122 1818 2316 1901 igitur
2354 1819 2496 1903 ipse
2538 1820 2671 1883 ani·

330 1921 674 1988 madvertit
730 1920 939 1986 subito
998 1926 1307 1985 mutatam
1367 1919 1448 1985 de
1503 1940 1573 1986 se
1645 1920 2031 1985 sententiam
2045 1969 2061 2002 ,
2135 1928 2471 2005 actumque
2529 1940 2671 1988 esse

328 2024 651 2091 intellexit
693 2022 776 2087 de
817 2022 991 2086 fama
1033 2040 1168 2101 sua,
1216 2019 1554 2086 Catilinam
1597 2021 1880 2087 imitatus
1923 2029 2048 2087 est:
2107 2023 2400 2106 excessit,
2444 2023 2668 2105 evasit,

331 2128 556 2210 erupit,
602 2125 801 2209 pallio
844 2144 958 2189 suo
1001 2123 1407 2206 fascibusque
1447 2124 1767 2207 ignaviter
1806 2125 2064 2191 relictis.
2138 2125 2277 2190 Iam
2319 2144 2473 2190 vero
2517 2124 2670 2207 quid

331 2234 599 2314 egerunt
640 2226 873 2310 trepidi
915 2232 1131 2310 patres
1174 2225 1516 2309 conscripti
1544 2226 1967 2309 Erfurtenses,
2015 2228 2123 2310 qui
2158 2227 2422 2294 credula
2449 2227 2670 2292 suffra-

329 2333 591 2417 gatione
631 2328 774 2394 fulti
814 2327 1112 2392 mendaci
1156 2328 1381 2394 sartori
1424 2327 1701 2409 ingenue
1748 2327 2161 2395 iuraverant?
2245 2328 2588 2412 Extemplo
2632 2348 2669 2394 e

327 2434 509 2500 fastis
552 2432 684 2498 suis
724 2428 1143 2513 ignominiam
1187 2429 1601 2511 exstinguunt
1640 2448 2002 2513 nomenque
2042 2431 2190 2497 falsi
2219 2430 2481 2496 Comitis
2510 2432 2669 2496 eius·

330 2554 457 2620 qne
511 2553 719 2615 arma,
793 2530 1308 2597 artificiosissime
1372 2530 1656 2615 depicta,
1730 2531 2032 2616 eradunt,
2105 2552 2465 2616 nomenque
2520 2533 2668 2598 Pro-

327 2635 589 2705 rectoris
643 2634 1052 2702 substituunt.
1139 2634 1317 2700 Haec
1371 2652 1565 2699 causa
1616 2635 1981 2718 multaeque
2032 2636 2202 2702 aliae
2246 2635 2486 2701 similes
2528 2655 2669 2717 gra-

326 2740 493 2805 viter
532 2737 947 2803 adverterunt
973 2736 1221 2802 animos
1248 2741 1501 2819 patrum
1528 2741 1908 2817 nostrorum,
1953 2757 2038 2803 ne
2066 2738 2275 2804 simile
2302 2744 2667 2821 portentum

326 2838 677 2924 aliquando
720 2839 913 2903 etiam
955 2839 1061 2903 hic
1101 2837 1512 2918 inveniretur,
1559 2838 1749 2920 quale
1793 2837 1944 2902 olim
1987 2839 2223 2906 milites
2267 2840 2539 2905 Romani
2584 2839 2667 2906 de

326 2963 443 3011 suo
488 2938 782 3022 Consule,
828 2941 899 3004 L.
947 2940 1243 3005 Cornelio
1286 2940 1508 3020 Basso,
1554 2939 1661 3020 qui
1704 2939 1892 3004 aliter
1932 2947 2150 3006 tamen
2191 2947 2384 3024 atque
2423 2940 2557 3024 ille,
2604 2949 2668 3008 et

324 3046 518 3128 longe
560 3040 1075 3108 honorificentius
1114 3041 1392 3125 'adeptus
1436 3046 1534 3105 est
1573 3039 1782 3107 fasces
1823 3060 2140 3125 romanos,
2186 3043 2579 3109 cecinerunt:

680 3212 1025 3274 Concurrite
1070 3230 1269 3273 omnes
1311 3230 1591 3291 augures,
1634 3211 2000 3292 haruspices,

672 3298 1016 3360 Portentum
1058 3296 1217 3374 apud
1257 3298 1549 3357 Romanos
1593 3297 1905 3357 conflatum
1947 3297 2019 3357 ’st
2060 3317 2298 3359 recens:

673 3384 827 3443 Nam
870 3383 1057 3442 mulos
1102 3381 1205 3468 qui
1248 3381 1498 3442 fricabat
1542 3381 1761 3442 Consul
1806 3382 1996 3442 factus
2041 3387 2147 3443 est.

325 3550 762 3620 Deliberando
803 3550 999 3633 igitur
1040 3569 1117 3615 eo
1160 3551 1453 3634 pervenit
1494 3550 1770 3616 Senatus
1810 3549 2198 3616 Academiae
2240 3550 2549 3632 Ienensis,
2595 3559 2666 3617 ut

323 3658 700 3738 perpetuam
730 3651 1012 3734 tandem,
1057 3672 1189 3717 non
1218 3659 1605 3733 semestrem,
1647 3671 1958 3718 summam
1988 3652 2426 3718 auctoritatem
2453 3672 2663 3719 rerum

322 3755 748 3839 gerendarum
790 3755 1261 3820 nancisceretur
1304 3772 1400 3837 eo,
1447 3753 1617 3836 quod
1647 3756 1980 3820 Rectorem
2023 3753 2147 3820 sibi
2190 3755 2514 3820 constituit
2556 3755 2664 3838 qui

322 3877 439 3942 per
478 3863 678 3922 totam
720 3855 917 3921 vitam
971 3862 1222 3938 regeret
1274 3854 1671 3921 academiam
1713 3863 2028 3939 nostram,
2089 3875 2171 3921 ex
2213 3857 2664 3938 augustissima

323 3964 517 4043 gente
569 3958 867 4022 Ernestia
938 3957 1296 4042 principum
1351 3955 1673 4023 Saxoniae
1744 3978 1999 4041 semper
2068 3958 2422 4040 eligendus.
2521 3958 2661 4037 Quo

323 4060 488 4126 facto
530 4064 666 4123 tota
708 4078 810 4124 res
855 4061 1178 4142 extemplo
1221 4066 1290 4125 ut
1334 4058 1470 4124 dixi
1511 4065 1758 4124 mutata
1799 4067 1913 4125 est.
2001 4060 2168 4125 Nam
2213 4060 2484 4144 primum
2528 4061 2660 4143 qui-

325 4161 469 4229 dem
499 4167 687 4226 aucta
717 4166 813 4226 est
839 4160 1142 4227 maiestas
1172 4161 1477 4243 Rectoris,
1522 4161 1921 4243 maioresque
1963 4161 2116 4227 inde
2160 4162 2352 4228 etiam
2385 4163 2661 4227 honores

324 4261 608 4329 attributi
661 4262 723 4327 ei
778 4261 1178 4345 magistratui
1232 4263 1340 4344 qui
1396 4283 1513 4346 pro
1556 4263 1825 4330 Rectore
1879 4281 1997 4346 per
2037 4271 2342 4330 semestre
2384 4262 2659 4347 spatium

323 4385 425 4432 res
466 4363 870 4430 academieas
912 4362 1086 4447 apud
1129 4384 1249 4431 nos
1290 4365 1683 4448 moderatur,
1744 4366 2003 4431 nomine
2056 4366 2285 4431 summi
2320 4363 2658 4449 principis.
