3499 5219
1700 408 2225 467 —74—

795 591 1004 654 neque
1046 574 1244 639 alieni
1285 572 1368 636 ab
1413 572 1533 636 hac
1576 570 1866 636 doctrina
1906 573 2158 638 fuerunt
2192 573 2510 638 Antonius
2540 572 2896 639 Fridericus
2926 574 3137 639 Iustus

795 677 1151 756 Thibaltus,
1199 676 1306 755 qui
1348 673 1916 756 encyolopaediam
1958 675 2111 739 iuris
2141 682 2205 741 et
2232 675 2601 758 pandectas,
2649 676 3137 758 Christophorus

761 802 764 805 ’
795 780 1120 857 Martinus,
1169 777 1276 857 qui
1314 795 1680 858 processum
1724 781 1855 839 tam
1899 777 2154 842 civilem
2198 796 2387 857 quam
2430 777 2844 858 criminalem,
2896 778 3136 842 Schmi-
3227 826 3233 832 -

798 880 939 945 dius
984 879 1092 960 qui
1134 879 1232 943 ius
1275 877 1598 960 publicum
1642 877 1816 960 apud
1858 898 1975 943 nos
2018 877 2443 961 profitebatur,
2490 899 2710 944 omnes
2755 881 3028 968 egregie.

965 981 1068 1046 Ad
1125 979 1512 1045 medicorum
1568 978 1855 1044 ordinem
1912 1000 2103 1061 quum
2159 980 2425 1062 accedo,
2498 1002 2630 1045 non
2687 1001 2845 1063 opus
2901 989 2998 1047 est
3067 988 3136 1047 ut

795 1105 1112 1164 moneam,
1158 1080 1470 1145 medicam
1503 1079 1871 1163 doctrinam,
1917 1089 2135 1164 utpote
2163 1089 2448 1162 naturae,
2477 1083 2766 1165 inprimis
2794 1084 3132 1164 humanae,

795 1188 1368 1271 perscrutatricem,
1443 1203 1585 1246 cum
1641 1184 2051 1267 philosophia
2099 1185 2497 1249 coniunctam
2541 1204 2683 1251 esse
2724 1185 2869 1266 ipsa
2909 1191 3136 1249 natura

797 1310 931 1354 sua.
1019 1289 1098 1353 Id
1139 1289 1266 1351 iam
1310 1289 1423 1353 ille
1466 1287 1789 1369 professus
1832 1292 1960 1368 est,
2024 1305 2210 1367 quem
2254 1294 2322 1350 ut
2364 1291 2609 1367 patrem
2652 1285 2938 1351 medicae
2982 1287 3134 1352 artis

797 1397 1181 1455 venerantur
1252 1409 1501 1469 omneS,
1577 1389 1998 1472 Hippocrates
2014 1435 2030 1468 ,
2110 1389 2288 1452 cuius
2359 1407 2620 1452 aureum
2694 1387 2931 1452 dictum
3006 1397 3130 1454 est:
3233 1431 3237 1434 «

800 1492 1027 1580 ἰητρὸς
1098 1488 1479 1577 φιλόσοφος
1554 1488 1856 1566 ἰσόθεος.
1944 1491 2170 1570 Neque
2241 1489 2322 1553 ab
2396 1489 2517 1553 hoc
2589 1491 2771 1570 quasi
2842 1491 3132 1572 coniugio

795 1594 1081 1660 medicae
1138 1592 1464 1657 doctrinae
1521 1612 1663 1656 cum
1717 1590 2128 1673 philosophia
2181 1591 2488 1655 abstinuit
2551 1597 2774 1672 postea
2829 1592 3130 1674 Galenus,

796 1698 903 1778 qui
959 1697 1117 1760 miro
1174 1693 1435 1759 artifieio
1492 1692 1898 1776 Hippocratis
1954 1694 2194 1775 placita
2250 1712 2596 1774 congruere
2648 1713 2790 1757 cum
2845 1695 3132 1760 Platonis

796 1798 1106 1880 diciplina
1152 1796 1585 1861 demonstrare
1628 1801 1892 1860 conatus
1937 1801 2050 1859 est.

962 1899 1172 1978 Atque
1225 1897 1546 1962 medicina
1599 1897 1773 1979 apud
1828 1917 1946 1961 nos
1999 1897 2271 1979 primum
2327 1896 2541 1961 doceri
2596 1904 2822 1979 coepta
2885 1906 2983 1964 est
3051 1900 3130 1964 ab

794 2002 1038 2065 Ioanne
1100 2000 1473 2064 Schroetero
1530 1998 1914 2063 Vimariensi
1968 2004 2032 2063 et
2085 1998 2244 2062 Iano
2300 1996 2600 2063 Cornario
2657 2000 3130 2082 Zwiccaviensi,

796 2123 1060 2184 quorum
1102 2102 1216 2164 ille
1261 2099 1519 2164 edoctus
1564 2108 1660 2165 est
1702 2100 1970 2180 Patavii,
2017 2100 2127 2164 ubi
2155 2099 2481 2164 Andream
2511 2101 2838 2166 Vesalium
2867 2104 3129 2184 audivit,

793 2223 1096 2286 magnum
1139 2203 1321 2266 illum
1366 2202 1714 2267 Galenicae
1758 2202 2087 2267 doctrinae
2126 2194 2618 2283 reformatorem,
2674 2222 2860 2283 quem
2904 2205 3132 2269 Luthe-

795 2327 932 2369 rum
1002 2303 1317 2369 medicum
1392 2303 1649 2368 dixeris,
1753 2303 2162 2369 Schroeterus
2234 2305 2425 2384 igitur
2497 2324 2861 2385 quanquam
2931 2308 3135 2387 magis

794 2405 1146 2472 factitanda
1188 2411 1324 2470 arte
1366 2404 1618 2469 medica
1658 2407 1957 2469 inclaruit
2000 2425 2190 2486 quam
2233 2406 2484 2487 scriptis
2548 2406 2845 2487 medicis,
2919 2415 3132 2472 tamen

796 2530 986 2591 quum
1031 2508 1221 2572 etiam
1264 2507 1571 2571 mathesis
1615 2514 1678 2572 et
1734 2509 2161 2572 astronomiae
2218 2513 2388 2572 esset
2440 2508 2887 2589 gnarissimus,
2964 2508 3132 2592 quod

796 2613 949 2677 satis
992 2609 1285 2694 probavit
1329 2608 1508 2674 libris
1554 2607 1762 2690 editis,
1809 2609 1982 2674 haud
2024 2609 2272 2691 volgari
2314 2608 2503 2674 modo
2535 2617 2736 2675 artem
2767 2631 2947 2675 suam
2976 2619 3131 2676 trac-

795 2720 966 2778 tasse
1027 2710 1349 2795 putandus
1422 2717 1536 2776 est.
1638 2711 1824 2789 Quod
1876 2712 2330 2777 intellexerunt
2384 2711 2831 2777 Ferdinandus
2887 2714 3131 2779 Primus

795 2815 1166 2898 Imperator,
1213 2813 1314 2876 cui
1340 2812 1681 2894 privilegia
1709 2814 1801 2877 sic
1830 2813 2002 2878 dicta
2028 2813 2458 2878 universitatis
2485 2820 2742 2879 nostrae
2772 2815 3131 2880 obstetricia

795 2915 1074 2998 quadam
1117 2921 1255 2978 arte
1298 2914 1480 2996 quasi
1522 2915 1753 2998 eripuit
1794 2914 2014 2995 invito,
2067 2934 2259 2996 quum
2300 2913 2477 2997 apud
2521 2935 2667 2981 eum
2708 2918 2954 2982 valeret
2996 2918 3132 2999 plu-

793 3020 1040 3099 rimum,
1087 3023 1151 3082 et
1191 3017 1513 3081 Iohannes
1556 3015 1916 3081 Fridericus
1960 3017 2067 3097 qui
2102 3016 2418 3081 Viennam
2464 3036 2609 3082 eum
2652 3017 3128 3099 amandaverat,

795 3127 864 3184 ut
903 3140 1038 3184 rem
1081 3120 1506 3184 necessariam
1522 3165 1538 3199 ,
1597 3118 1854 3200 saepius
1898 3118 1980 3182 ab
2023 3119 2414 3200 Imperatore
2457 3118 2890 3201 repudiatam,
2948 3120 3131 3185 confi-

795 3228 997 3304 ceret,
1042 3222 1206 3285 alter
1247 3240 1417 3302 vero,
1466 3220 1824 3302 Cornarius,
1869 3221 2042 3285 Petri
2083 3221 2423 3286 Mosellani
2465 3220 2732 3302 auditor,
2785 3221 3132 3287 Galenicae

795 3323 1155 3389 medicinae
1198 3323 1463 3403 assecla,
1509 3323 1798 3406 inprimis
1840 3323 2087 3404 graecis
2130 3321 2392 3388 medicis
2439 3342 2696 3404 operam
2732 3323 2928 3404 dedit,
2976 3344 3130 3405 quos

795 3431 927 3488 tam
972 3424 1254 3491 studiose
1296 3431 1711 3505 accurateque
1755 3424 2094 3506 lectitavit,
2155 3431 2223 3488 ut
2264 3431 2503 3489 textum
2550 3424 2784 3490 Galeni
2825 3425 3130 3489 Aldinum

795 3546 936 3589 cum
980 3525 1365 3590 membranis
1410 3527 1686 3606 antiquis
1721 3532 2130 3608 componeret
2157 3546 2198 3589 a
2228 3546 2297 3591 se
2327 3527 2595 3591 collatis.
2657 3525 2848 3591 Cuius
2878 3547 3127 3609 operae,

794 3649 835 3692 a
878 3628 1099 3710 paucis
1141 3627 1488 3709 adhibitae,
1535 3627 1899 3710 speciminav
1928 3629 2132 3693 latent
2171 3629 2239 3691 in
2268 3628 2655 3693 bibliotheca
2682 3629 3127 3694 universitatis.

796 3730 1060 3794 Secutus
1104 3734 1202 3793 est
1243 3729 1506 3793 Paullus
1548 3730 1896 3811 Lutherus,
1954 3730 2211 3793 Martini
2252 3728 2448 3811 filius,
2510 3749 2696 3810 quem
2738 3766 2824 3775 ———
2864 3731 3130 3796 incredi-

794 3832 926 3896 bile
972 3830 1141 3896 dictu
1183 3851 1269 3875 -÷
1311 3831 1705 3896 Lutherastri
1747 3831 2039 3896 Flaciani
2079 3832 2375 3895 insectati
2417 3837 2582 3911 sunt,
2637 3833 2806 3911 quod
2848 3854 2890 3896 a
2932 3835 3129 3914 patris

795 3933 1150 4016 praeceptis
1194 3932 1515 3998 videretur
1560 3933 1859 3998 descisse.
1945 3933 2228 4013 Reliquit
2269 3933 2460 4013 igitur
2502 3934 2742 3998 Ienam.
2815 3934 3129 4000 Lutherus

794 4041 1006 4099 autem
1049 4054 1257 4099 novae
1300 4035 1788 4100 Paracelsianae
1833 4033 2210 4116 disciplinae
2254 4033 2581 4115 adhaesit,
2651 4055 2838 4117 quam
2881 4037 3130 4101 arcanis

796 4135 1173 4217 quibusdam
1228 4136 1711 4202 medicamentis
1768 4136 2048 4200 inventis
2103 4155 2335 4217 augere
2393 4136 2649 4201 studuit.
2737 4138 2899 4202 Item
2940 4139 3128 4202 Para-

795 4239 1061 4303 celsiani
1115 4237 1288 4303 fuere
1331 4237 1625 4303 Andreas
1669 4237 2034 4318 Ellingerus
2078 4236 2593 4303 Orlamundanus
2649 4245 2712 4303 et
2753 4240 3129 4305 Laurentius

795 4339 1020 4405 Hielus
1063 4340 1345 4405 Batavus
1360 4389 1376 4422 ,
1451 4340 1559 4420 qui
1602 4340 1842 4422 primus
1886 4338 2059 4421 apud
2101 4359 2218 4404 nos
2261 4340 2591 4405 historiam
2632 4342 2988 4405 naturalem
3039 4342 3132 4406 sic
