3499 5219
380 595 549 661 dolis
605 596 1127 680 admirabilisque
1184 600 1378 663 animi
1434 600 1733 683 fervoris,
1794 620 1980 683 quem
2037 606 2439 683 praemature
2494 602 2722 668 litteris

376 699 615 764 nostris
657 706 943 783 ereptum
991 700 1292 783 ‘pulveris
1350 702 1563 783 exigui
1619 722 1820 786 prope
1874 703 2052 768 littus
2096 702 2411 768 Venetum
2468 704 2723 769 cohibet

375 801 579 863 urna!

551 903 728 967 Inter
769 904 1250 970 mathematicos
1294 911 1358 969 et
1400 905 1702 989 physicos
1742 906 2050 970 Ienenses
2091 906 2382 988 inprimis
2425 908 2725 972 excelluit

377 1004 711 1069 Erhardus
750 1005 1122 1089 Weigelius,
1168 1006 1345 1071 cuius
1388 1005 1694 1072 audiendi
1736 1026 1929 1072 causa
1971 1008 2025 1072 si
2071 1006 2291 1072 dixero
2335 1009 2724 1074 Leibnitium

377 1106 640 1171 venisse
682 1107 905 1172 Ienam
950 1127 1080 1171 non
1125 1128 1286 1191 opus
1331 1109 1451 1173 erit
1494 1116 1562 1172 ut
1622 1109 1957 1191 quicquam
2018 1109 2098 1174 de
2153 1112 2549 1192 praestantia
2603 1112 2723 1176 viri

378 1206 637 1271 addam.
738 1209 1087 1274 Historicos
1141 1210 1480 1275 habuimus
1538 1210 1943 1293 Sagittarios,
1974 1210 2320 1292 ·Struvios,
2382 1208 2722 1292 Buderum,

382 1309 906 1391 diligentissimos
976 1311 1175 1392 viros,
1238 1318 1465 1393 postea
1538 1313 1642 1377 Fr.
1710 1312 2089 1377 Schillerum
2105 1360 2121 1393 ,
2189 1312 2328 1393 qui,
2397 1310 2726 1376 Kantiana

377 1412 792 1494 philosophia
833 1412 1144 1494 imbutus,
1199 1413 1441 1495 primus
1495 1413 1614 1478 fuit
1669 1414 1777 1495 qui
1817 1414 2170 1479 acroateria
2210 1413 2510 1478 historica
2552 1412 2726 1496 apud

378 1534 503 1579 nos
546 1515 895 1596 compleret
936 1513 1333 1579 auditoribus
1376 1533 1484 1595 ec,
1545 1515 1716 1597 quod
1758 1515 2120 1580 universam
2165 1514 2420 1596 generis
2463 1503 2726 1579 humani

381 1616 715 1680 historiam
757 1617 1168 1697 teleologica,
1215 1623 1284 1680 ut
1325 1616 1465 1698 ipse
1512 1616 1793 1698 dicebat,
1850 1617 2097 1681 ratione
2140 1617 2496 1698 metiretur,
2556 1615 2727 1698 quod

379 1724 534 1782 ante
578 1736 723 1781 eum
764 1737 952 1782 nemo
994 1717 1250 1782 fecerat.
1336 1719 1489 1782 Post
1532 1717 1913 1783 Schillerum
1966 1718 2256 1801 inprimis
2299 1718 2726 1783 nominandus

382 1819 503 1884 erit
544 1819 854 1884 Henricus
896 1818 1254 1901 Ludenius,
1298 1819 1398 1884 vir
1440 1820 2039 1901 praestantissimus,
2086 1820 2223 1902 qui,
2269 1839 2350 1885 ex
2391 1820 2728 1885 Fichtiana

384 1921 727 2004 disciplina
769 1940 1172 2004 progressus,
1232 1921 1401 1986 facta
1455 1921 1783 1985 hominum
1840 1941 2136 1987 enarrare
2194 1922 2443 1987 solebat
2484 1942 2614 1986 non
2657 1927 2726 1985 ut

383 2029 918 2104 cognoscerentur
959 2029 1206 2087 tantum
1236 2022 1351 2087 sed
1382 2022 1574 2087 etiam
1615 2023 1684 2087 in
1713 2023 1913 2086 vitam
1957 2024 2138 2104 quasi
2178 2022 2727 2089 introducerentur

381 2124 827 2203 aemulatione,
860 2143 1061 2205 eoque
1092 2124 1473 2190 Germaniae
1501 2125 1857 2205 universae,
1889 2145 1929 2188 a
1958 2125 2164 2190 Gallis
2190 2132 2321 2189 tum
2353 2132 2724 2208 prostratae,

387 2227 642 2309 egregio
687 2245 902 2291 amore
943 2227 1037 2291 ita
1076 2225 1363 2291 incendit
1404 2226 1652 2291 animos
1693 2226 2212 2308 adolescentium,
2258 2228 2419 2306 miro
2450 2226 2725 2309 quodam

384 2328 613 2393 ardore
657 2347 801 2392 eum
846 2327 1270 2410 audientium,
1331 2335 1427 2409 ut,
1487 2348 1679 2409 quum
1723 2329 1983 2392 Borussi
2027 2347 2422 2392 communem
2468 2329 2727 2394 Germa-

381 2431 531 2495 niae
574 2431 820 2494 hostem
865 2429 1110 2495 fortiter
1151 2430 1677 2512 aggrederentur,
1725 2430 1812 2494 ad
1854 2450 2032 2494 arma
2074 2430 2388 2513 capienda
2431 2451 2726 2514 propera-

381 2538 525 2597 rent
567 2532 700 2596 fere
745 2551 983 2614 omnes,
1030 2533 1389 2598 libertatem
1435 2532 1680 2616 patriae
1722 2532 2173 2616 recuperaturi.

554 2634 764 2715 Atque
818 2637 910 2699 sic
967 2636 1207 2700 accessi
1259 2634 1518 2699 tandem
1564 2634 1650 2699 ad
1702 2642 1994 2718 tempora
2038 2633 2248 2698 Caroli
2290 2634 2561 2716 Augusti
2612 2635 2726 2699 im-

380 2736 669 2801 mortalis
712 2736 850 2817 viri,
897 2737 1004 2819 qui
1035 2737 1273 2818 Voigtii
1316 2744 1380 2802 et
1425 2736 1556 2800 divi
1598 2737 1855 2802 Goethii
1883 2737 2166 2801 consiliis
2209 2755 2360 2802 usus
2402 2744 2727 2819 praestan-

380 2838 642 2904 tissimis
686 2839 1033 2920 Ienamque
1073 2837 1436 2904 incredibili
1480 2847 1695 2904 amore
1738 2840 2075 2922 amplexus
2117 2859 2248 2902 non
2290 2839 2495 2903 solum
2534 2839 2727 2903 nutri-

380 2949 481 3007 tor
536 2940 651 3006 sed
722 2939 931 3005 fautor
984 2941 1176 3006 etiam
1242 2941 1772 3006 clementissimus
1836 2941 1954 3004 fuit
2017 2946 2271 3004 nostrae
2338 2938 2724 3005 academiae.

381 3044 504 3109 Hic
548 3042 717 3108 enim
760 3043 1191 3108 universitatis
1234 3062 1390 3125 opes
1435 3062 1575 3106 cum
1621 3042 1848 3107 ceteris
1891 3041 2302 3106 nutritoribus
2346 3040 2618 3106 firmavit
2662 3047 2727 3108 et

381 3144 811 3227 amplificavit,
858 3144 1310 3209 bibliothecam
1354 3144 1549 3224 auxit,
1599 3144 1870 3208 Goetbio
1899 3144 2052 3207 item
2083 3162 2360 3223 suasore,
2409 3149 2471 3207 et
2513 3162 2725 3208 arcem

380 3248 586 3330 ipsam
644 3265 822 3311 suam
880 3246 1129 3329 aperuit
1183 3246 1660 3311 collectionibus
1715 3251 1982 3309 naturae
2053 3244 2467 3326 curiosorum,
2533 3245 2726 3309 etiam

383 3349 792 3414 seminarium
822 3348 1291 3431 philologorum
1322 3354 1385 3412 et
1414 3367 1647 3412 novam
1679 3346 1984 3428 chemiae,
2031 3346 2409 3410 Lavoisierii
2438 3346 2726 3412 doctrina

381 3455 811 3533 provocatam,
858 3449 1336 3532 professionem,
1384 3468 1546 3531 quae
1590 3455 1783 3513 antea
1810 3449 1916 3512 vel
1961 3447 2317 3512 medicinae
2359 3449 2465 3513 vel
2510 3450 2725 3533 physi-

382 3571 489 3617 ces
532 3551 817 3616 subiecta
858 3571 1007 3634 pars
1052 3557 1206 3631 erat,
1252 3551 1357 3615 hic
1398 3549 1702 3615 condidit.
1760 3550 1971 3630 Atque
2014 3550 2135 3614 hoc
2180 3549 2452 3615 docendi
2495 3571 2725 3616 munus

382 3660 528 3737 post
569 3659 837 3716 mortem
880 3654 1080 3736 patris
1121 3653 1266 3734 mei,
1313 3654 1417 3733 qui
1463 3653 1703 3734 primus
1746 3653 1916 3716 hanc
1961 3651 2361 3734 disciplinam
2393 3651 2566 3735 apud
2607 3673 2725 3718 nos

382 3755 706 3838 professus
751 3760 848 3819 est
891 3774 1193 3836 seorsum,
1238 3754 1503 3818 tradidit
1531 3755 2026 3834 Doebereinero,
2070 3753 2389 3818 inventori
2418 3774 2724 3818 novarum

381 3876 592 3922 rerum
635 3855 1001 3920 felicissimo
1047 3862 1110 3921 et
1153 3856 1583 3938 sagacissimo,
1631 3856 1770 3938 qui,
1816 3875 1942 3936 qua
1985 3861 2120 3920 erat
2162 3855 2509 3936 agitatione
2552 3875 2725 3921 men·

382 3958 485 4041 tis,
531 3977 857 4038 nunquam
888 3959 1207 4042 acquievit
1249 3959 1316 4021 in
1361 3958 1588 4022 studiis
1619 3957 2015 4040 cognitionis.

554 4059 684 4125 Sed
737 4058 1027 4142 inprimis
1083 4079 1158 4124 eo
1210 4059 1509 4124 inclaruit
1563 4061 1885 4125 saeculum
1930 4058 2140 4124 Caroli
2182 4058 2484 4141 Augusti,
2555 4059 2724 4142 quod

383 4182 525 4227 cum
552 4180 791 4243 magna
817 4161 1201 4226 liberalitate
1244 4161 1743 4245 philosophandi
1772 4161 2077 4227 scientiae
2107 4161 2287 4243 quasi
2316 4161 2724 4226 seminarium

380 4264 579 4329 lenae
623 4261 872 4345 aperuit
913 4262 1350 4327 laetissimum.
1426 4263 1592 4327 Nam
1637 4283 1830 4345 quum
1873 4264 2282 4346 philosophia
2322 4263 2544 4327 Kantii
2586 4269 2724 4327 tan-

383 4385 575 4448 quam
606 4353 792 4429 ‘Iovis
832 4363 1099 4429 fulmine
1130 4364 1586 4430 Germanorum
1627 4366 1893 4447 animos,
1939 4365 2120 4446 quasi
2160 4365 2544 4446 intempesta
2580 4371 2727 4448 post
