3499 5219
1689 391 1823 398 -——
1911 359 2035 422 214
2130 387 2258 394 -——

795 525 1079 606 heiligen
1136 522 1306 607 Sage
1359 523 1815 605 geschildert.“
1914 526 2118 609 Igitur
2176 543 2341 609 quae
2390 524 2655 588 Proclus
2712 543 2828 587 suo
2884 523 3128 588 arbitrio
3191 556 3198 562 ·

798 627 881 693 de
923 626 1216 692 Phanete
1258 631 1632 691 narraverat
1689 626 1881 692 etiam
1940 626 2026 691 ad
2069 626 2493 710 Ericapaeum
2548 625 2909 705 transtulit,
2969 624 3128 690 cuius

798 747 1035 794 nomen
1091 746 1390 811 graecum
1448 719 1545 794 est
1597 728 1794 811 plane
1850 734 1918 792 ut
1962 727 2227 814 Μήτιος
2271 733 2335 793 et
2383 724 2706 808 Φάνητος.
2794 726 2919 792 Ille
2976 726 3131 790 enim

798 837 896 897 est
925 829 1107 906 Νοῖς
1145 828 1497 909 (Cedrenus
1538 825 1782 913 βουλήν
1826 819 2033 912 dunt),
2083 827 2309 915 Φάνης
2353 834 2416 909 (a
2462 825 2680 913 φαίνω
2729 827 3130 905 derivandus)

800 932 976 1017 φῶς,
1035 932 1254 997 lumen
1311 929 1622 1014 calidum,
1686 938 1749 997 et
1805 931 2198 1016 Ericapaeus
2257 928 2587 1017 ζωοδοτήρ
2648 950 2762 997 seu
2820 940 3132 992 ventorum

799 1033 1143 1098 vernalium
1187 1031 1465 1118 ᾳίίῐαικιε,
1509 1034 1619 1118 qui
1664 1053 1830 1116 quae
1871 1034 1969 1099 illi
2007 1041 2559 1119 ,praeparaverunt
2598 1032 2685 1098 ad
2714 1033 2914 1097 vitam
2940 1033 3136 1116 ipsam

799 1134 1080 1202 adducit.
1167 1133 1606 1201 Derivandum
1665 1135 1836 1201 enim
1891 1156 2128 1202 nomen
2187 1143 2285 1202 est
2342 1136 2425 1200 ab
2486 1133 2600 1218 ἔαρ
2649 1121 2775 1218 (ἧρ)
2826 1141 2891 1200 et
2933 1131 3137 1210 κᾶπος

803 1235 976 1319 quod
1033 1235 1116 1302 ab
1175 1236 1498 1321 Hesychia
1556 1236 1912 1319 explicatur
1971 1235 2180 1322 ψυχή,
2252 1237 2544 1317 πνεῦμα,
2619 1236 2702 1304 ab
2760 1237 3138 1320 Etymologo

799 1338 1035 1421 Magno
1093 1340 1371 1419 πνεῦμα.
1472 1337 1603 1406 Ver
1659 1339 1832 1405 enim
1892 1347 1989 1406 est
2046 1346 2298 1423 tempus
2355 1339 2715 1405 creationis.
2817 1337 3007 1417 Quod
3064 1337 3139 1403 de

785 1434 1029 1526 ⁴cffflatu⁴
1069 1450 1389 1503 ventorum
1434 1438 1569 1506 dixi
1612 1438 2020 1508 confirmatur
2059 1441 2202 1508 loco
2233 1439 2597 1515 Aristotelis
2640 1439 2723 1506 de
2765 1440 2964 1508 anim.
2995 1439 3048 1521 Ι,
3084 1446 3138 1504 5.

797 1542 993 1606 τοῦτο
1039 1538 1112 1607 δὲ
1155 1539 1468 1607 πέπονθε
1512 1538 1623 1606 καὶ
1669 1537 1704 1606 ὃ
1762 1539 1829 1607 ἓν
1888 1547 2032 1621 τοῖς
2068 1536 2408 1628 Ὀρφικοῖς
2467 1541 2662 1607 ἔπεσι
2718 1541 3140 1622 καλουμένοις

800 1639 1024 1726 λόγος·
1073 1647 1239 1728 φησὶ
1281 1642 1403 1727 γὰρ
1448 1641 1563 1728 τὴν
1609 1642 1874 1728 ψυχὴν
1920 1641 1988 1709 ἐκ
2021 1644 2139 1707 τοῦ
2171 1638 2328 1709 ὅλου
2361 1642 2637 1710 εἰσιέναι
2683 1636 3142 1708 ἀναπνεόν-

798 1768 957 1809 των
1005 1749 1370 1831 φερομένην
1415 1738 1550 1810 ὑπὸ
1593 1747 1753 1811 τῶν
1799 1738 2136 1826 ἀνέμων.
