3499 5219
1645 413 1770 420 ——
1872 380 2213 442 140——

761 551 957 618 OPPI
1041 548 1483 616 EMBOLARI
1566 546 2276 615 FVRFVRVNOVLE.
2294 547 2336 621 ¹)
2452 547 2527 612 V.
2617 546 2917 612 Garrucci
3000 547 3117 610 In-

761 655 1097 737 scriptions
1140 656 1409 735 gravees
1451 671 1535 716 au
1576 652 1725 718 trait
1769 671 1877 717 sur
1916 651 2014 716 les
2055 670 2229 715 murs
2274 648 2356 715 de
2397 649 2668 732 Pompei*
2709 668 2771 731 p.
2811 654 2929 730 10.,
2975 649 3113 732 qui,

756 763 1011 839 praeter
1050 753 1215 819 illud
1259 753 1581 819 Ciceronis
1599 801 1615 834 ‚
1673 754 1805 818 alia
1863 753 2058 819 etiam
2113 751 2411 834 exempla
2463 750 2749 833 praebet.
2837 750 2909 815 Si
2964 750 3117 833 quis

758 858 952 939 igitur
1006 862 1265 922 censeat
1320 857 1404 921 ab
1461 855 1726 920 Horatio
1787 853 2047 919 affixum
2104 873 2361 918 carmen
2417 851 2616 918 fuisse
2671 853 2907 918 ianuae
2949 851 3112 936 Gly-

760 978 964 1039 cerae,
1011 966 1180 1025 recte
1223 958 1439 1023 omnia
1479 957 1780 1022 videntur
1820 957 2097 1040 intelligi
2139 974 2347 1039 posse.
2414 954 2508 1018 Ac
2541 954 2815 1037 primum
2845 954 3111 1036 quidem

761 1060 844 1126 de
889 1060 1127 1126 Gratiis
1185 1079 1351 1142 quae
1404 1058 1801 1124 advocantur
1855 1057 2080 1124 solutis
2128 1058 2307 1123 zonis
2349 1056 2567 1140 lepide
2610 1057 2769 1122 satis
2810 1057 2934 1120 hoc
2974 1076 3112 1120 mo-

759 1162 899 1226 nuit
940 1161 1295 1228 Hofmanus
1337 1161 1856 1244 Peerlkampius:
1908 1161 2185 1243 „Parum
2227 1159 2515 1240 honeste,
2561 1163 2903 1241 praesente
2943 1158 3113 1222 Mer-

761 1263 931 1329 curio
976 1270 1039 1329 et
1081 1265 1385 1345 Iuventa,
1433 1263 1517 1329 de
1557 1262 1911 1345 virginibus
1954 1282 2119 1345 quae
2160 1282 2292 1326 non
2335 1262 2478 1326 sine
2521 1259 2836 1325 dedecore
2876 1279 3108 1324 zonam

761 1364 1083 1431 solvunt.“
1182 1365 1418 1430 Notum
1454 1365 1574 1430 ‘est
1626 1364 1792 1429 illud
1850 1363 2118 1429 Catulli:
2188 1383 2457 1445 „zonam
2518 1361 2689 1445 quod
2746 1361 2940 1426 soluit
2994 1360 3111 1424 diu

715 1466 718 1467 ⁷
759 1466 1090 1550 ligatam.“
1163 1466 1257 1532 cf.
1302 1466 1455 1531 Hor.
1502 1466 1621 1533 Od.
1666 1467 1787 1547 111,
1832 1469 1935 1547 21,
1981 1468 2081 1528 22.
2157 1465 2528 1547 Segnesque
2569 1462 2809 1528 nodum
2852 1464 3108 1529 solvere

761 1569 1042 1635 Gratiae.
1132 1568 1208 1632 V.
1253 1569 1477 1634 Senec.
1539 1567 1622 1633 de
1671 1567 1882 1633 benef.
1929 1568 1980 1649 Ι,
2028 1570 2088 1631 3.
2177 1565 2500 1649 Cogitavit
2553 1566 2745 1648 igitur
2801 1564 2885 1630 de
2940 1584 3108 1629 zona

759 1671 1174 1759 virginitatis,
1233 1670 1415 1751 quasi
1457 1668 1661 1731 nudae
1706 1669 1965 1735 Gratiae
2007 1669 2386 1750 invitentur,
2432 1688 2625 1750 quum
2668 1687 2831 1731 zona
2870 1665 3107 1731 intelli·

757 1779 973 1855 gatur,
1034 1791 1162 1854 qua
1202 1772 1400 1836 vestis
1444 1769 1847 1852 succingitur.
1937 1770 2197 1836 Gratiae
2249 1769 2427 1836 zonis
2481 1770 2706 1836 solutis
2755 1775 2903 1834 sunt
2947 1768 3106 1834 Gra·

758 1874 905 1956 tiae,
950 1894 1082 1938 non
1123 1871 1354 1953 nudae,
1402 1870 1518 1937 sed
1564 1870 1794 1937 decore
1836 1873 2127 1954 vestitae,
2188 1870 2510 1937 defluente
2552 1872 2638 1936 ad
2679 1872 2844 1936 talos
2889 1871 3108 1935 tunica

760 1995 968 2058 neque
1012 1974 1265 2056 cingulo
1307 1972 1652 2057 impedita;
1695 1974 1859 2039 tales
1889 1973 2145 2039 Gratias
2174 1975 2314 2056 ipse
2343 1973 2639 2039 Socrates
2682 1971 3105 2056 philosophus

762 2077 1133 2159 sculpserat.
1233 2075 1444 2138 Etiam
1488 2075 1782 2140 Mercurii
1837 2074 2498 2141 commemorationem
2554 2074 2834 2140 alienam
2877 2092 3020 2138 esse
3064 2092 3106 2136 a

762 2177 1061 2242 carminis
1105 2177 1423 2241 sententia
1465 2177 1709 2241 monuit
1752 2176 2064 2243 Batavus:
2122 2196 2374 2259 „nemo‚
2431 2176 2656 2258 inquit,
2701 2174 3103 2258 probabilem

761 2298 1018 2343 causam
1063 2277 1274 2342 attulit
1317 2297 1427 2341 cur
1466 2278 1573 2342 hic
1600 2279 1981 2343 Mercurium
2010 2279 2283 2344 voluerit
2315 2298 2459 2344 esse
2487 2278 2780 2343 comitem
2810 2276 3103 2342 Veneris.

758 2381 1048 2461 Mettum,
1093 2377 1302 2461 cred0‚
1349 2379 1620 2444 effecit.“
1704 2381 1792 2445 At
1832 2401 1986 2447 vero
2029 2379 2286 2446 Suadae
2328 2380 2719 2462 magism‚
2745 2378 3101 2460 facundum

760 2490 1045 2564 nepotem
1089 2481 1394 2557 Atlantis,
1445 2481 1648 2564 lepidi
1692 2484 2004 2549 sermonis
2047 2489 2505 2564 consertorem,
2551 2501 2663 2575 cur
2705 2480 2933 2546 ceteris
2978 2479 3104 2545 diis

761 2581 1131 2664 deabusque
1186 2581 1507 2649 addiderit
1547 2582 1849 2651 Horatius
1905 2604 1983 2650 ea
2037 2585 2399 2667 occasione,
2461 2603 2588 2666 qua
2629 2582 2698 2647 in
2739 2581 2905 2648 aede
2947 2581 3104 2666 Gly-

761 2704 948 2749 cerae
990 2684 1494 2767 compotationes
1540 2691 1602 2751 et
1642 2687 1819 2751 iocos
1863 2687 2309 2769 exspectabat,
2354 2706 2543 2751 nemo
2587 2684 2775 2751 facile
2819 2691 3101 2767 quaeret.

763 2784 1011 2851 Aedem
1066 2784 1201 2851 dixi
1255 2787 1574 2870 consult0‚
1637 2807 1762 2869 quo
1819 2808 2083 2854 numero
2137 2789 2277 2871 ipse
2332 2807 2485 2853 usus
2540 2793 2638 2852 est
2695 2793 2920 2869 poeta3
2985 2784 3102 2851 sed

897 3057 931 3118 ¹)
969 3055 1276 3107 Garruccius
1310 3060 1481 3105 utrum
1515 3056 1625 3122 ipse
1660 3056 1847 3107 viderit
1887 3057 2018 3107 hanc
2064 3058 2451 3123 inscriptionem
2498 3072 2565 3107 an
2615 3072 2677 3106 ex
2709 3056 3102 3107 Wordsworthii

761 3142 1169 3207 Inscriptionibus
1204 3141 1519 3207 Pompeianis
1566 3141 1844 3206 sublegerit
1892 3142 2077 3192 nescio.
2147 3143 2261 3193 Alio
2295 3142 2406 3192 loco
2444 3150 2513 3206 (p.
2559 3144 2653 3205 13.)
2698 3141 2969 3207 proposuit
3000 3139 3100 3191 ibi-

761 3225 874 3275 dem
895 3224 1177 3274 inventam:
1214 3224 1500 3281 QVONAM
1535 3226 1960 3276 DIGREDIENS
1996 3226 2255 3276 MAGNIS
2279 3228 2324 3276 A
2348 3225 2686 3276 LAVDIBVS
2711 3216 2882 3275 OPPI.
2938 3225 3099 3282 Quem

761 3310 986 3375 Oppium
1022 3324 1113 3358 cur
1146 3309 1400 3359 diversum
1436 3326 1541 3359 esse
1576 3310 1714 3360 dicat
1741 3312 1802 3362 G.
1838 3310 1902 3360 ab
1937 3327 1998 3360 eo
2023 3311 2207 3376 Oppio,
2245 3312 2335 3376 qui
2370 3327 2525 3377 supra
2558 3314 2971 3361 commemoratus
3008 3314 3101 3371 est,

760 3410 865 3446 non
898 3394 1062 3444 viden.
1131 3393 1288 3443 Plane
1323 3394 1573 3443 incertum
1608 3396 1743 3444 enim
1779 3396 1915 3459 quod
1948 3395 2009 3445 de
2044 3397 2305 3447 embolario
2340 3396 2533 3446 dictum
2568 3401 2644 3446 est
2680 3412 2729 3460 p.
2770 3398 2849 3447 10.
2919 3394 3099 3456 „Cette

760 3479 1068 3544 inscription
1104 3482 1181 3528 est
1215 3478 1316 3527 tres
1352 3479 1658 3542 importante
1691 3480 1737 3529 si
1772 3480 1875 3529 l'ou
1910 3481 2021 3530 doit
2053 3485 2371 3531 reconnaitre
2407 3479 2533 3530 dans
2567 3483 2860 3532 embolarz‘us
2889 3497 2959 3531 un
2980 3496 3098 3529 nom

760 3563 821 3613 de
856 3563 1061 3625 metier‚
1109 3579 1172 3613 en
1218 3562 1265 3613 le
1312 3562 1500 3613 faisant
1545 3564 1740 3613 derivet·
1776 3567 1835 3615 de
1870 3567 2057 3617 embola
2088 3572 2195 3616 mot
2229 3565 2318 3631 qui
2353 3566 2560 3630 designe
2592 3565 2645 3615 la
2679 3566 2943 3631 cargaison
2978 3564 3097 3615 d’uu

760 3647 986 3699 navire.“
1034 3649 1103 3698 At
1135 3662 1253 3697 vero
1287 3652 1488 3712 poetam
1522 3647 1677 3699 fuisse
1697 3649 1833 3699 hunc
1857 3650 2079 3714 Oppium
2101 3666 2161 3700 ex
2185 3651 2300 3715 ipso
2321 3651 2566 3701 vocabulo
2603 3652 2841 3702 embolari
2860 3650 3098 3714 cognosci

758 3736 974 3798 poterat.
1044 3733 1141 3782 Est
1188 3731 1320 3781 enim
1369 3732 1414 3781 is
1456 3744 1605 3798 poeta
1652 3735 1970 3795 embolmizm,
2019 3751 2056 3784 s.
2095 3736 2430 3801 emboliarius,
2480 3736 2568 3801 qui
2614 3736 2824 3785 suismet
2870 3734 3097 3784 versibus

759 3814 1027 3886 ἐμβόλιμοι
1062 3826 1127 3876 (v.
1165 3817 1376 3867 Aristot.
1410 3819 1551 3869 Poet.
1593 3820 1693 3877 18.)
1727 3819 2002 3882 immiscet,
2050 3836 2178 3885 quac
2225 3820 2342 3871 aliis
2387 3821 2553 3885 poetis
2600 3819 2680 3870 vel
2727 3818 2978 3885 surripuit
3016 3818 3097 3868 vel

760 3902 824 3953 ab
858 3903 932 3953 eis
965 3906 1141 3952 mutuo
1176 3904 1406 3967 sumpsit.
1474 3903 1606 3952 Puto
1651 3904 1814 3967 igitur
1862 3905 2146 3955 trimetrum
2187 3905 2461 3956 iambicum
2493 3905 2625 3956 illud
2658 3905 2814 3955 fuisse
2848 3903 3093 3969 elogium:

761 3989 916 4039 OPPI
966 3988 1321 4038 EMBOLARI
1373 3986 1754 4051 FVRffiIFERJ
1806 3988 2216 4040 FVRVNCVLE
2233 4025 2250 4053 ,
2309 3991 2628 4056 propositum
2678 3990 2741 4041 ab
2794 3989 2897 4039 alio
2946 3994 3098 4053 poeta

756 4074 1067 4140 Pompeiano
1098 4073 1188 4136 qui
1208 4073 1366 4137 Oppii
1395 4072 1633 4122 inimicus
1662 4078 1788 4124 erat.
1841 4072 1983 4123 Idem
2010 4074 2325 4125 adversarius
2360 4080 2512 4141 poeta
2545 4081 2722 4125 auctor
2758 4090 2864 4124 esse
2897 4073 3096 4123 videtur

758 4159 1035 4209 hexametri
1084 4173 1230 4222 quem
1278 4173 1429 4222 supra
1464 4158 1721 4221 proposui.
1795 4157 2241 4223 Supplementum,
2289 4177 2389 4225 quo
2434 4177 2555 4211 usus
2604 4176 2740 4223 sum,
2789 4175 2847 4209 eo
2895 4158 3095 4207 videtur

756 4242 1082 4293 verisimilius
1130 4258 1236 4293 esse
1284 4257 1382 4306 quo
1427 4242 1629 4305 saepius
1676 4242 1922 4306 quaedam
1956 4247 2043 4294 aut
2076 4242 2355 4308 neglexisse
2389 4244 2603 4310 legendo
2639 4243 3094 4294 Wordsworthium

759 4332 849 4378 aut
882 4328 1009 4379 male
1044 4328 1251 4378 omnino
1287 4326 1470 4392 legisse
1506 4326 1900 4378 demonstratum
1937 4332 2013 4378 est
2047 4344 2077 4378 a
2113 4329 2402 4379 Garruccio.
