3499 5219
1669 454 1800 464 --
1888 416 2013 483 286
2132 451 2227 456 ψ

1248 586 1345 647 καὶ
1391 583 1538 660 τοὺς
1579 587 1918 660 σολοίκους,
1961 584 2039 666 ἢν
2081 582 2340 664 λάβωσι,
2386 591 2659 667 περνᾶσι,

1253 667 1506 753 Φρύγας
1544 672 1658 752 μὲν
1699 673 1786 745 εἰς
1827 671 2118 751 Μίλητον
2159 667 2656 753 ἀλφιτεύσοντας.

784 796 861 860 In
905 796 1109 859 altero
1148 793 1292 858 loco
1336 793 1657 859 soloecum
1716 792 1952 858 dictum
2012 800 2109 860 est
2152 791 2235 858 de
2274 793 2499 875 lingua
2513 841 2530 874 ,
2589 793 2657 857 in
2701 794 3123 877 Hipponactis

782 899 923 962 loco
968 896 1051 962 de
1106 888 1369 978 origine.
1455 894 1806 961 Descendit
1858 901 2073 961 autem
2113 895 2324 978 ipsum
2381 893 2763 959 vocabulum
2822 893 3122 972 σόλοικος

785 1019 826 1065 a
871 996 1078 1083 σόλῳ,
1137 997 1307 1079 quod
1361 997 1537 1082 apud
1577 998 1924 1064 Homerum
1975 1006 2074 1064 est
2130 997 2342 1064 discus
2396 998 2640 1063 ferreus
2696 989 3117 1076 αὖτοχόωνος,

785 1110 849 1167 et
891 1100 973 1164 ab
1020 1097 1174 1163 εἴκω
1220 1096 1449 1177 (ἔοικα)
1491 1099 1585 1165 ita
1626 1107 1697 1164 ut
1724 1098 2020 1165 videatur
2064 1100 2336 1183 primum
2368 1099 2606 1165 dictum
2651 1120 2793 1166 esse
2824 1099 2907 1165 de
2947 1121 3122 1164 num-

783 1203 903 1267 mis
933 1221 1014 1267 ex
1055 1200 1317 1265 metallo
1361 1201 1589 1267 viliore
1616 1221 1821 1285 eoque
1847 1202 2070 1267 nativo
2113 1202 2418 1285 procusis,
2466 1201 2684 1283 qualia
2713 1209 2860 1267 sunt
2888 1202 3118 1266 ferrum

785 1312 849 1370 et
892 1324 1023 1385 aee,
1069 1322 1234 1385 quae
1276 1303 1543 1368 metalla
1583 1303 1638 1368 si
1681 1302 2203 1369 admiscebantur
2244 1303 2313 1368 in
2355 1311 2614 1370 moneta
2669 1322 2812 1369 cum
2855 1304 3118 1368 nobilio·

658 1494 665 1501 .
733 1478 736 1480 ‚
784 1408 961 1473 ribus
1015 1404 1296 1471 metallis
1353 1403 1729 1469 dicebantur
1785 1410 2160 1485 νομίσματα
2215 1404 2453 1491 κίβδη
2477 1405 2571 1469 λα
2629 1412 2714 1486 (v.
2771 1404 3116 1471 Herodian.

783 1516 929 1593 post
970 1506 1235 1572 Moerid.
1281 1506 1571 1572 Piersoni
1614 1527 1676 1590 p.
1723 1510 1895 1583 447.)
1940 1529 1981 1572 a
2023 1527 2148 1590 quo
2190 1506 2506 1572 vocabulo
2562 1527 2692 1572 non
2738 1507 2951 1573 differt
2990 1506 3119 1573 fere

786 1607 1109 1685 σόλοικον.
1180 1608 1347 1673 Hine
1405 1609 1597 1674 etiam
1653 1608 1828 1692 apud
1870 1608 2261 1694 Hesychium
2322 1608 2726 1686 σολοὶτυπος
2784 1611 3117 1690 (νοῦμμος)

784 1713 1062 1797 pertinet
1103 1710 1189 1776 ad
1235 1708 1450 1786 σόλον,
1501 1711 1984 1789 (conformatum
2015 1710 2102 1776 ad
2131 1711 2498 1793 analogiam
2543 1705 2905 1793 ὅδοιπόρος
2933 1732 3118 1777 voca-

783 1814 952 1896 buli,
1024 1821 1095 1878 ut
1151 1811 1495 1881 evitaretur
1565 1815 1909 1878 cumulatio
1967 1813 2256 1878 brevium
2313 1813 2730 1898 syllabarum)
2790 1813 2962 1897 quod
3017 1813 3118 1879 de·

782 1921 1096 1981 monstrat
1137 1911 1578 1996 μυδρότυπος,
1625 1914 1934 1998 Hesychii
1986 1917 2105 1995 (sic
2148 1916 2318 1982 enim
2362 1915 2804 1998 corrigendum
2850 1936 2992 1983 esse
3030 1916 3119 1980 vi-

785 2017 987 2099 detur,
1038 2036 1229 2099 quum
1276 2013 1472 2092 σόλος
1517 2022 1580 2081 et
1622 2013 1866 2097 μύδρος
1911 2017 1978 2081 in
2022 2018 2146 2082 hac
2187 2037 2257 2082 re
2299 2018 2462 2083 nihil
2507 2017 2920 2095 differant).¹).
3006 2020 3119 2083 Est

783 2119 973 2200 igitur
1032 2115 1334 2182 σόλοικον
1378 2117 1866 2180 semibarbarum
1922 2121 2027 2184 vel
2073 2119 2143 2181 id
2182 2120 2352 2204 quod
2404 2119 2587 2182 habel
2641 2122 2906 2204 speciem
2953 2121 3117 2182 adul-

785 2222 1071 2284 lerinam.

946 2314 1334 2384 ’Λσόλοικον
1406 2321 1569 2386 dixit
1622 2321 1913 2388 Eubulus
1969 2322 2261 2389 Comicus
2332 2328 2416 2401 (v.
2472 2324 2811 2390 Meinecke
2864 2323 3113 2407 Fragm.

785 2423 960 2489 Com.
1008 2423 1117 2489 Gr.
1163 2423 1281 2504 ΙΙΙ,
1328 2443 1392 2507 p.
1441 2428 1610 2499 205.)
1655 2428 1820 2507 μέγα
1864 2428 2054 2507 κρέας
2108 2422 2330 2506 βόειον
2378 2417 2724 2489 ἀσόλοικον
2784 2424 2983 2508 (quod
3025 2432 3119 2490 est

784 2525 923 2591 sine
964 2524 1182 2599 vitiis).
1270 2524 1400 2590 Sed
1460 2526 1843 2611 Sophoclem
1887 2526 2228 2611 Tragicum
2284 2525 2510 2592 eodem
2567 2526 2880 2592 vocabulo
2938 2548 3116 2593 usum

782 2627 979 2693 fuisse
1048 2629 1114 2691 in
1170 2627 1390 2692 Troilo
1444 2628 1625 2694 testis
1682 2636 1782 2695 est
1835 2629 2115 2714 Hesych.
2174 2650 2228 2695 s.
2281 2648 2341 2693 v,
2415 2635 2499 2709 (v.
2557 2631 2807 2696 Nauck.
2866 2631 3117 2713 Fragm.

784 2752 845 2815 p.
881 2731 1069 2811 214),
1117 2729 1287 2812 quod
1316 2729 1472 2795 satis
1514 2730 1740 2795 mirum
1784 2730 2069 2815 videtur3
2114 2732 2370 2796 Troilus
2400 2732 2568 2797 enim
2613 2754 2743 2797 non
2774 2739 2915 2798 erat
2956 2739 3120 2817 saty-

784 2832 984 2897 ricum
1029 2831 1273 2896 drama.

921 3053 954 3116 ¹)
991 3052 1111 3102 Sero
1148 3050 1347 3101 demum
1383 3051 1633 3102 adiectum
1671 3067 1777 3102 esse
1812 3052 2013 3102 videtur
2046 3050 2137 3102 καὶ
2162 3051 2366 3120 χαλκός
2400 3070 2482 3108 τις
2514 3049 2573 3103 ἐν
2608 3049 2830 3124 Κύπρῳ.
