3499 5219
1315 418 1836 483 *87*-

398 592 655 652 montes
699 583 891 649 etiam
934 589 1068 648 tum
1109 582 1398 665 rubeant,
1445 605 1637 667 quum
1683 586 1884 650 solem
1927 587 2168 670 ipsum,
2215 587 2490 669 caligine
2533 608 2747 672 super-

400 689 737 768 veniente,
785 706 915 750 non
957 686 1233 768 amplius
1277 686 1499 753 videre
1538 688 1762 752 liceat:
1829 687 2363 770 quemadmodum
2404 690 2596 772 igitur
2636 690 2748 755 ad-

397 790 707 855 miremur
745 786 1037 851 ultimum
1078 787 1260 852 illum
1289 787 1720 872 splendorem,
1768 789 2175 855 simulacrum
2204 791 2386 873 quasi
2429 798 2493 857 et
2533 792 2746 858 levem

395 891 602 974 ipsius
644 889 801 956 solis
841 889 1207 971 imaginem,
1254 889 1346 954 sic
1389 891 1581 957 etiam
1612 896 1938 957 matronas
1979 892 2130 958 illas
2172 891 2582 975 dignissimas
2623 894 2747 959 sibi

396 991 608 1057 videri
651 992 1063 1057 veneratione
1107 998 1172 1057 et
1214 992 1641 1057 observantia.
2740 980 2745 987 ’

573 1095 720 1158 Non
763 1094 1070 1159 minorem
1113 1093 1416 1175 pietatem
1460 1094 1839 1160 monstravit
1894 1094 1963 1159 in
2017 1093 2302 1177 regenda
2342 1102 2562 1162 nostra
2603 1117 2746 1164 aca-

399 1196 634 1261 demia.
723 1196 890 1260 Nam
950 1196 1335 1277 simulatque
1393 1196 1632 1261 electus
1688 1201 1787 1260 est
1842 1216 1884 1259 a
1933 1196 2122 1262 nobis
2176 1197 2407 1263 Rector
2459 1199 2746 1282 Magnifi-

399 1297 829 1379 centissimus,
876 1303 1185 1380 perpetuo
1229 1317 1411 1362 suum
1454 1297 1853 1362 universitati
1895 1297 2180 1362 favorem
2225 1298 2613 1382 declaravit,
2660 1308 2742 1382 et,

397 1402 457 1467 si
499 1421 631 1464 non
674 1405 1003 1465 assecutus
1046 1406 1145 1464 est
1187 1405 1453 1482 patrem,
1500 1399 1670 1480 quod
1713 1398 2157 1463 difficillimum
2198 1407 2353 1482 erat,
2407 1421 2490 1467 ne
2533 1402 2741 1467 dicam

397 1502 854 1585 insuperabile,
903 1508 1073 1566 certe
1101 1501 1459 1565 aemulatus
1489 1507 1604 1581 est,
1651 1500 1950 1583 religiose
1981 1501 2117 1566 eius
2145 1501 2418 1585 vestigia
2445 1504 2742 1586 legendo.

397 1605 495 1670 Ac
536 1603 693 1668 satis
715 1602 923 1668 habeo
951 1603 1073 1667 tria
1100 1602 1439 1684 protulisse
1467 1603 1782 1684 exempla.
1844 1602 2124 1667 Primum
2168 1603 2339 1668 enim
2363 1604 2523 1669 duas
2552 1606 2743 1672 libro-

397 1726 537 1770 rum
582 1705 1008 1784 collectiones,
1056 1722 1272 1768 eorum
1317 1704 1424 1784 qui
1454 1703 1540 1768 ad
1569 1703 1882 1768 chemiam
1912 1710 1977 1768 et
2017 1704 2345 1769 historiam
2388 1708 2743 1773 naturalem

400 1808 751 1891 pertinent,
815 1806 983 1871 dono
1038 1804 1216 1869 dedit
1269 1805 1678 1870 academicae
1718 1805 2176 1887 bibliothecae,
2239 1808 2516 1888 quinque
2555 1807 2740 1890 alias,

397 1909 661 1989 Starkii,
692 1908 1169 1988 Doebereineri,
1202 1906 1458 1989 Voigtii,
1491 1906 1751 1988 Handii,
1784 1907 2111 1990 Schmidii,
2157 1928 2288 1973 non
2323 1928 2406 1974 ex
2432 1910 2742 1976 reditibus

397 2011 598 2094 ipsius
640 2009 1099 2090 bibliothecae,
1148 2010 1323 2074 cuius
1367 2008 1711 2073 admodum
1756 2016 1964 2090 curta,
2010 2015 2079 2074 ut
2120 2011 2288 2074 inter
2329 2014 2550 2077 omnes
2593 2031 2743 2078 con·

399 2118 543 2194 stat,
589 2112 881 2195 supellex
909 2117 1044 2175 tum
1072 2110 1207 2192 fuit,
1254 2112 1369 2177 sed
1399 2111 1661 2175 aliunde
1690 2110 2056 2194 redemptas
2086 2112 2460 2178 inserendas
2501 2115 2744 2180 curavit

397 2215 825 2280 bibliothecae
880 2213 1327 2278 Vniversitatis
1342 2261 1359 2294 ,
1424 2214 1517 2276 ita
1570 2220 1639 2278 ut
1694 2214 1957 2296 triginta
2011 2213 2292 2279 millibus
2346 2216 2741 2302 voluminum

399 2336 741 2401 paucorum
787 2335 1098 2379 annorum
1152 2314 1361 2398 spatio
1422 2322 1753 2381 cresceret.
1841 2315 1984 2394 Qua
2024 2335 2095 2380 re
2137 2316 2323 2380 simul
2381 2317 2474 2381 ita
2515 2317 2741 2400 pietati

399 2417 731 2498 consuluit,
778 2423 847 2480 ut
887 2423 1264 2500 perpetuum
1306 2423 1786 2481 monumentum
1814 2416 1988 2499 apud
2037 2438 2156 2483 nos
2187 2424 2440 2484 exstare
2468 2419 2742 2484 voluerit

396 2519 653 2603 pietatis
698 2538 852 2600 erga
893 2519 1207 2583 clarorum
1250 2519 1529 2583 virorum
1571 2519 1834 2583 nomina
1847 2566 1863 2600 ,
1910 2518 2018 2602 qui
2058 2520 2127 2583 in
2170 2539 2353 2583 suum
2395 2539 2580 2585 usum
2622 2521 2740 2587 hos

398 2623 595 2687 libros
654 2622 1064 2703 collegerant.
1163 2620 1417 2687 Deinde
1484 2623 1807 2704 egregiam
1867 2642 2264 2686 nummorum
2338 2622 2739 2689 orientalium

397 2725 866 2803 collectionem,
915 2729 1161 2788 suomet
1202 2743 1353 2788 aere
1396 2743 1598 2805 eoque
1637 2743 1905 2806 magn0,
1950 2730 2248 2807 emptam,
2293 2725 2387 2788 ita
2428 2728 2741 2792 concessit

395 2826 764 2891 academiae
807 2825 974 2916 usui,
1043 2830 1113 2889 ut
1155 2824 1500 2891 Stickelius
1543 2831 1791 2906 noster,
1860 2824 2038 2891 cuius
2094 2825 2446 2891 industriae
2491 2834 2553 2892 et
2595 2849 2739 2911 pru-

396 2928 768 2993 dentissimo
812 2927 1076 2991 consilio
1119 2926 1280 2991 illud
1322 2932 1760 2991 ornamentum
1792 2926 2116 3008 debemus,
2161 2926 2296 2992 fere
2325 2930 2741 2996 exsultaverit

394 3037 585 3113 atque
630 3030 993 3106 etiamnunc
1038 3028 1220 3111 quasi
1248 3030 1541 3093 heluetur
1571 3027 1945 3092 ordinandis
1974 3027 2074 3092 his
2105 3028 2378 3094 nummis
2409 3036 2472 3094 et
2501 3050 2737 3113 augen-

396 3132 515 3196 dis.
603 3132 682 3196 In
726 3132 953 3213 quibus
997 3150 1205 3212 neque
1260 3136 1486 3213 postea
1540 3129 1762 3213 optimi
1816 3129 2122 3212 principis
2179 3129 2532 3195 liberalitas
2591 3151 2736 3198 eum

394 3233 699 3314 destituit,
746 3234 862 3298 sed
906 3233 1138 3316 emptis
1180 3233 1292 3297 ille
1336 3232 1528 3296 etiam
1572 3232 1718 3296 aliis
1747 3230 2020 3312 egregiis
2062 3231 2336 3297 nummis
2365 3232 2529 3297 adeo
2560 3234 2739 3299 auxit

393 3335 713 3419 pristinos,
758 3343 828 3400 ut
858 3335 1185 3400 orientalis
1227 3335 1387 3399 haec
1428 3333 1997 3398 nomismatothece
2040 3333 2329 3398 Ienensis
2370 3355 2538 3399 nunc
2580 3355 2736 3419 prae

394 3437 687 3501 omnibus
730 3436 896 3517 aliis,
940 3436 1231 3519 inprimis
1274 3435 1341 3500 in
1372 3435 1735 3516 Germania,
1781 3436 2148 3517 praecellat.
2216 3435 2499 3499 Tertium
2540 3436 2736 3521 idque

391 3539 809 3604 novissimum
883 3557 997 3621 per
1050 3557 1155 3602 me
1209 3538 1483 3619 primum
1541 3537 1741 3602 Vobis
1814 3537 2199 3617 innotescet,
2257 3535 2734 3606 Commilitones

392 3639 881 3705 Humanissimi:
954 3637 1040 3703 ad
1084 3638 1214 3703 Vos
1260 3639 1429 3704 enim
1487 3640 1608 3703 hoc
1651 3638 1937 3718 tertium,
2013 3658 2136 3720 quo
2193 3638 2497 3721 pietatem
2553 3660 2733 3705 suam

394 3742 764 3823 declaravit,
808 3740 1101 3823 inprimis
1131 3739 1392 3822 spectat.
1460 3740 1647 3806 Scitis
1678 3740 1847 3806 enim
1877 3745 2027 3804 ante
2069 3739 2191 3803 hoc
2234 3740 2731 3822 quinquennium

394 3843 569 3927 apud
611 3863 729 3909 nos
774 3841 1122 3907 certamina
1178 3842 1602 3907 studiosorum
1656 3842 1969 3906 litteraria
2026 3841 2118 3904 ita
2171 3840 2462 3906 instituta
2515 3842 2729 3919 fuisse,

392 3952 463 4010 ut
517 3965 765 4028 quoque
836 3965 1007 4009 anno
1075 3944 1480 4026 quaestiones
1540 3943 1854 4025 quaedam
1925 3942 2180 4026 publice
2237 3941 2436 4009 Vobis
2506 3964 2732 4028 propo-

393 4054 695 4112 nerentur
737 4067 779 4110 a
833 4046 1100 4127 singulis
1158 4044 1527 4109 academiae
1581 4044 2020 4126 facultatibus,
2095 4043 2182 4108 ad
2252 4065 2409 4126 quas
2481 4046 2732 4130 scriptis

394 4148 1030 4213 commentationibus
1071 4147 1561 4230 responderetis.
1648 4146 2008 4212 Victoribus
2052 4147 2402 4229 praemium
2439 4146 2728 4230 dabatur,

392 4251 654 4314 nomina
696 4270 912 4315 eorum
969 4249 1223 4332 publice
1281 4247 1362 4314 de
1416 4249 1538 4314 hac
1592 4246 1901 4313 cathedra
1951 4248 2527 4331 proclamabantur.
2613 4249 2732 4316 His

391 4351 583 4433 igit-ur
638 4351 1186 4443 commissionibus
1245 4349 1565 4415 litterariis
1621 4350 1948 4435 praeclare
2001 4349 2264 4415 incitata
2321 4369 2461 4414 esse
2518 4350 2731 4416 studia
