3499 5219
1255 408 1816 470 --21·7——-

365 577 559 641 etiam
621 573 861 641 additis
922 578 1331 657 argumentis.
1428 576 1639 658 Atque
1694 575 1914 640 Iacobi
1983 574 2546 659 reprehensionem
2615 574 2702 639 ad

364 685 663 759 quattuor
702 676 835 742 fere
877 677 1086 742 redire
1128 679 1342 761 capita
1382 684 1554 743 recte
1588 677 1834 742 monuit
1864 677 1941 743 G.
1970 676 2410 743 Hermannus:
2452 676 2702 760 „primo

361 778 534 863 quod
563 779 687 844 sibi
714 786 1027 862 repugnet
1054 779 1379 863 Antigona
1420 780 2041 862 generositatemque
2083 799 2265 846 suam
2308 784 2502 844 exuat
2537 797 2702 861 quae

362 880 730 964 sepeliverit
784 880 1041 948 fratrem
1057 930 1075 965 ,
1132 881 1302 969 quod
1357 880 1425 947 id
1478 881 1781 965 antiquae
1838 882 2099 948 deorum
2152 881 2331 965 leges
2385 881 2700 963 iuberent,

360 1002 532 1049 nunc
589 989 803 1048 autem
861 1002 931 1049 se
987 983 1160 1049 dicat
1215 1003 1347 1049 non
1403 982 1576 1049 idem
1632 983 1701 1048 in
1759 981 1888 1048 filio
1948 983 2289 1065 maritove,
2362 982 2419 1048 si
2475 982 2700 1047 civitas

358 1084 697 1167 vetuisset,
738 1082 947 1151 ‘fuisse
988 1085 1329 1169 facturam3
1388 1084 1668 1151 secundo
1712 1085 1885 1167 quod
1924 1085 2008 1150 ab
2052 1091 2279 1150 natura
2319 1083 2698 1151 feminarum

358 1186 723 1270 abhorreat,
766 1186 994 1254 fratres
1036 1188 1314 1254 cariores
1358 1207 1549 1270 quam
1576 1188 1841 1253 maritos
1868 1193 1980 1252 aut
2006 1185 2170 1251 filios
2197 1185 2470 1270 habere3
2513 1185 2698 1252 tertio

359 1287 534 1371 quod
577 1307 648 1355 se
691 1308 773 1356 ex
815 1289 945 1354 alio
988 1289 1217 1355 marito
1259 1288 1488 1371 filium,
1548 1288 1604 1354 si
1647 1288 1813 1353 filius
1865 1294 2121 1372 ereptus
2176 1287 2288 1369 sit,
2347 1288 2697 1372 parituram

322 1390 489 1455 'tam
544 1391 764 1474 inepte
823 1390 995 1456 dicat
1048 1391 1230 1474 virgo
1285 1411 1475 1473 quam
1528 1389 1701 1457 idem
1757 1396 1910 1474 apte
1966 1389 2179 1456 dicere
2219 1389 2497 1474 potuerit
2538 1409 2700 1455 uxor

357 1492 800 1576 Intaphernis3
845 1499 1069 1575 quarto
1114 1492 1408 1575 denique,
1456 1491 1627 1574 quod
1668 1512 1794 1576 quo
1838 1511 1909 1557 se
1950 1492 2169 1557 animo
2210 1511 2364 1574 erga
2397 1492 2696 1558 maritum

352 1592 490 1659 fore
532 1593 888 1677 praedicet,
948 1615 1078 1660 non
1121 1593 1349 1661 deceat
1390 1613 1692 1677 sponsam
1735 1593 2115 1673 Haemonis,
2168 1592 2446 1658 amantis
2486 1593 2695 1676 ipsam

353 1695 867 1761 ardentissime.“
963 1699 1175 1779 Atque
1230 1696 1444 1780 priora
1500 1694 1627 1760 duo
1682 1695 1902 1760 Iacobi
1968 1701 2343 1777 argumenta
2408 1696 2563 1761 satis
2616 1714 2694 1761 eo

351 1797 665 1863 refutasse
720 1798 976 1864 videtur
1029 1798 1393 1864 Boeckhius
1451 1796 1584 1872 (des
1642 1796 1985 1881 Sophocles
2039 1797 2371 1879 Antigone.
2435 1818 2498 1882 p.
2545 1800 2692 1874 265)

352 1899 525 1980 quod
594 1901 805 1965 laxius
876 1900 1138 1967 omnino
1208 1900 1382 1984 apud
1450 1901 1748 1981 ant-iquos
1812 1899 2085 1983 populos
2146 1899 2469 1964 vinculum
2531 1897 2694 1964 illud

348 2000 548 2067 fuisse
592 2001 745 2068 dicit
788 2001 961 2084 quod
1002 2008 1101 2068 est
1141 2002 1308 2068 inter
1348 2021 1610 2067 uxorem
1654 2007 1719 2067 et
1760 2001 2056 2066 maritum
2099 2020 2291 2082 quam
2330 1999 2492 2064 illud
2520 2000 2692 2084 quod

348 2102 578 2169 fratres
620 2110 685 2169 et
726 2123 975 2169 sorores
1020 2103 1385 2169 continebat
1399 2105 1463 2181 ι).
1556 2102 1687 2169 Sed
1729 2103 1985 2169 tertium
2029 2109 2094 2168 et
2135 2108 2427 2185 quartum
2443 2146 2463 2185 ,
2520 2101 2693 2186 quod

349 2204 827 2289 vituperaverat
854 2205 1144 2287 Iacobus,
1190 2206 1396 2289 magis
1439 2225 1782 2271 excusasse
1824 2224 2012 2287 quam
2058 2223 2400 2270 enervasse
2440 2202 2694 2270 videtur

352 2308 456 2371 vir
497 2308 809 2391 egregius.
887 2307 1054 2373 Nam
1097 2307 1424 2391 Antigona
1465 2308 1595 2373 iam
1639 2326 1809 2373 nunc
1852 2307 2159 2372 moritura
2199 2325 2390 2388 quum
2434 2324 2506 2372 se
2545 2306 2691 2390 ipsa

347 2411 711 2475 consoletur
753 2417 823 2474 ut
863 2410 1138 2493 legimus,
1177 2408 1353 2493 apud
1396 2409 1777 2493 Sophoclem
1793 2457 1809 2489 ‚
1869 2409 2063 2474 utitur
2105 2407 2362 2490 quidem
2406 2426 2482 2473 eo
2526 2408 2689 2476 sola-

343 2512 456 2593 tio,
501 2512 673 2595 quod
716 2512 980 2595 dignum
1024 2530 1166 2578 esse
1208 2510 1528 2577 videbitur
1570 2510 1879 2595 sophista,
1925 2510 2040 2576 sed
2080 2530 2211 2575 non
2239 2508 2396 2575 satis
2425 2509 2689 2593 (lignum

345 2614 821 2698 sapientissimo
864 2614 1184 2698 Sophocle
1226 2614 1581 2696 meliusque
1624 2620 1762 2680 erat
1803 2612 2060 2697 pietatis
2104 2611 2376 2683 officium
2431 2633 2688 2697 prorsus
2724 2603 2730 2608 ’

343 2737 477 2781 non
519 2717 842 2801 suscipere
884 2737 1075 2800 quam
1119 2723 1483 2799 susceptum
1525 2717 1616 2782 sic
1653 2716 2100 2799 desperantem
2131 2715 2315 2798 quasi
2344 2715 2685 2800 deponere.

343 2818 581 2884 Verum
637 2817 904 2885 ferenda
968 2819 1128 2883 haec
1191 2818 1385 2883 etiam
1400 2865 1417 2899 ,
1491 2837 1858 2901 quanquam
1911 2826 2167 2901 arguta,
2240 2818 2310 2883 in
2368 2817 2687 2902 Sophocle

343 2927 591 3000 essent,
667 2919 1009 2986 dummodo
1079 2920 1332 3003 legibus
1397 2919 1663 2985 rationis
1715 2927 2151 2985 consentanea
2206 2926 2422 2985 essent
2435 2922 2501 2996 ²).
2599 2920 2687 2985 At

481 3175 516 3238 ¹)
555 3174 629 3225 Cf.
674 3173 726 3225 C.
766 3172 825 3223 F.
862 3174 1134 3233 Hermann,
1172 3173 1538 3224 Staatsalterth.
1575 3173 1644 3222 ΙΙ.
1683 3171 1731 3238 ξ.
1764 3173 1830 3223 29
1865 3187 1940 3236 sq.
2012 3170 2249 3238 Heyelt‘us
2281 3186 2398 3221 vero
2435 3171 2680 3229 (Phaeno-

339 3262 608 3328 menoloqie
642 3262 690 3310 d.
733 3259 796 3312 G.
829 3275 884 3325 p.
912 3261 1063 3318 341),
1098 3258 1243 3309 cuius
1278 3273 1380 3307 non
1417 3258 1675 3307 immemor
1708 3256 1811 3306 fuit
1846 3255 2074 3318 Wexius,
2110 3257 2414 3307 asseveravit
2447 3257 2542 3308 hoc
2576 3273 2680 3307 non

340 3352 444 3397 tam
480 3345 706 3396 moribus
740 3344 965 3408 antiquis
1001 3359 1150 3408 quam
1185 3344 1299 3408 ipsa
1332 3348 1516 3392 natura
1549 3342 1884 3394 humanitatis
1918 3344 2130 3395 insitum
2171 3358 2294 3394 esse.
2365 3343 2509 3404 „Der
2542 3343 2681 3395 Bru·

340 3433 430 3482 der
467 3433 586 3482 aber
620 3432 684 3481 ist
715 3431 803 3482 der
838 3429 1110 3481 Schwester
1155 3431 1248 3480 das
1283 3428 1458 3494 ruhiye
1490 3429 1676 3494 yleiche
1726 3429 1894 3481 Wesen
1941 3430 2240 3495 ic'berkaupt,
2288 3429 2393 3480 ihre
2425 3429 2680 3481 Aruer-ken-

339 3535 476 3583 nunq
512 3517 561 3566 in
598 3516 693 3566 ihm
728 3516 833 3567 rein
868 3516 980 3566 und‘
1003 3514 1323 3565 unvermischt
1355 3515 1439 3564 mit
1474 3514 1774 3564 natfirliclter
1799 3512 2101 3580 Bezielmn93
2140 3515 2217 3564 die
2251 3512 2685 3583 Gleichqalnykeit

341 3605 431 3652 der
466 3601 745 3652 Einzellaeit
787 3600 893 3650 und
938 3600 1018 3651 die
1063 3599 1269 3651 sittliche
1303 3598 1633 3665 Zujzilliqkeit
1677 3598 1927 3650 der-selben
1970 3600 2035 3649 ist
2067 3598 2223 3649 daher
2258 3599 2305 3648 in
2342 3599 2514 3650 diesem
2564 3600 2679 3653 Ver.

339 3688 575 3737 hc'iltnisse
622 3685 754 3736 nicht
797 3685 1110 3746 vorhandem
1161 3684 1371 3735 sondern
1419 3684 1511 3734 das
1545 3684 1765 3734 Moment
1811 3684 1895 3735 des
1942 3683 2341 3734 anerkennenden
2387 3685 2491 3734 und
2536 3704 2678 3736 ‹mer-

338 3774 554 3822 kannten
590 3771 930 3822 einzelnen
965 3769 1224 3821 Selbsts
1259 3769 1390 3835 dats
1413 3768 1519 3819 hier
1550 3770 1655 3820 sein
1687 3768 1847 3820 Recht
1881 3769 2176 3834 behaupeen,
2225 3770 2337 3819 weil
2369 3787 2420 3820 es
2454 3771 2541 3820 mit
2574 3771 2678 3821 dem

344 3856 749 3923 Gleichqewichte
783 3856 869 3906 des
908 3855 1084 3906 Blutes
1119 3854 1223 3904 und
1256 3853 1608 3919 beyierdeloser
1642 3852 1931 3921 Bezielumy
1965 3855 2228 3921 verknic'pst
2261 3854 2337 3905 ist.
2407 3853 2516 3905 Der
2562 3855 2678 3906 Ver·

339 3941 436 3991 lust
470 3941 555 3991 des
587 3938 809 3991 Bruders
845 3941 907 3990 ist
941 3940 1096 3991 daher
1130 3940 1218 3990 der
1252 3936 1524 3990 Schwester
1559 3938 1872 3990 unersetzlich
1917 3940 2019 3990 and
2053 3938 2154 3989 ihre
2191 3937 2375 4003 Pfliclzt
2404 3958 2558 4007 qeyen
2596 3941 2676 3990 ilm

259 4070 278 4080 ,
338 4027 418 4076 die
454 4025 697 4076 hochstest‘
763 4025 826 4074 In
860 4024 941 4075 his
976 4040 1092 4074 vero
1127 4024 1439 4089 Antigonam
1472 4023 1530 4073 in
1565 4021 1733 4072 animo
1770 4023 2006 4073 habuisse
2042 4022 2402 4089 philosophum
2437 4023 2677 4074 eximium

338 4110 453 4175 quis
489 4116 565 4160 est
600 4109 724 4175 quin
759 4109 962 4160 videat?
1030 4112 1099 4160 At
1145 4125 1261 4160 vero
1307 4110 1402 4160 hoc
1450 4112 1526 4158 est
1572 4108 1724 4158 nimis
1772 4110 1952 4174 exigue
1999 4113 2050 4159 et
2097 4107 2296 4159 exiliter
2340 4108 2404 4159 ad
2456 4108 2676 4159 calculos

335 4194 690 4262 philosophiae
728 4211 959 4245 revocare
994 4194 1074 4245 vel
1110 4210 1323 4245 amorem
1356 4193 1433 4244 vel
1461 4195 1721 4259 pietatem.
1841 4194 1878 4256 ²)
1914 4193 2000 4243 Sic
2035 4194 2192 4244 mirus
2225 4198 2300 4244 est
2328 4194 2382 4243 in
2408 4193 2676 4258 Sophoclis

336 4281 625 4331 Trachiniis
659 4280 829 4340 locus,
878 4281 965 4346 qui
1018 4295 1302 4345 quanquam
1351 4278 1516 4329 nostri
1560 4279 1748 4329 saeculi
1797 4277 2086 4329 hominibus
2134 4279 2220 4330 vix
2255 4278 2532 4330 tolerabilis
2568 4293 2675 4329 esse

334 4365 618 4452 videbitpr,
665 4381 766 4415 non
813 4367 1056 4431 indignus
1100 4371 1179 4416 est
1225 4365 1504 4431 Sophocle,
1557 4381 1656 4430 quo
1702 4365 1922 4415 moriens
1969 4364 2214 4416 Hercules
2257 4364 2465 4432 Hyllum
2513 4364 2673 4414 filium
