3499 5219
1472 425 1593 488 113
1681 461 1816 470 --

530 592 668 658 Iam
710 610 863 656 vero
906 597 1192 657 revertor
1223 593 1307 656 ab
1339 593 1696 658 Ernestinis
1724 593 2099 662 Rectoribus
2126 594 2213 661 ad
2241 595 2451 680 ipsum
2480 598 2707 665 Recto-

357 714 493 761 rem
538 692 1254 776 Magnificentissimum,
1297 695 1407 777 qui
1448 715 1620 760 nunc
1664 703 1915 763 creatus
1958 704 2073 764 est.
2152 698 2437 782 Vidistis,
2481 701 2704 784 optimi

355 799 533 862 cives
547 844 564 877 ,
623 802 929 879 quantum
987 794 1279 862 diversus
1337 796 1421 863 sit
1475 798 1560 862 ab
1614 797 1897 880 antiquis
1948 798 2296 866 rectoribus
2338 821 2498 884 quos
2541 801 2705 868 alios

356 899 651 965 semestri
705 917 957 981 qnoque
1010 897 1339 980 habebant
1392 898 1667 965 maiores
1719 901 1940 965 nostri.
2038 902 2234 967 Recte
2299 904 2469 969 enim
2534 903 2706 986 quod

360 1000 678 1066 Pindarus
731 999 816 1066 de
871 998 1236 1065 hominibus
1289 999 1454 1065 dixit
1502 1001 1572 1065 in
1626 1001 1994 1087 universum
2006 1049 2025 1084 ,
2080 1021 2225 1070 esse
2277 1023 2388 1071 eos
2441 1005 2706 1073 umbrae

361 1103 706 1184 somnium,
780 1101 865 1167 de
918 1101 1199 1185 antiquis
1254 1101 1448 1168 etiam
1505 1103 1881 1170 Rectoribus
1938 1104 2065 1169 dici
2121 1113 2360 1191 potest,
2435 1107 2491 1173 si
2561 1128 2704 1173 cum

360 1205 690 1271 hodiernis
732 1210 1196 1287 comparentur.
1284 1203 1540 1270 Etenim
1584 1204 1668 1271 de
1707 1204 1847 1271 iure
1889 1205 2197 1289 dicundo,
2243 1207 2415 1290 quod
2456 1208 2544 1274 ad
2586 1210 2704 1276 hos

360 1306 654 1391 inprimis
709 1306 1039 1389 pertinuit,
1108 1305 1271 1370 nihil
1326 1306 1633 1372 remansit
1682 1315 1937 1390 praeter
1992 1309 2314 1392 egregiam
2367 1331 2706 1394 praeroga-

361 1411 559 1474 tivam
603 1407 1011 1473 condonandi
1056 1412 1120 1472 et
1159 1407 1567 1490 ignoscendi,
1626 1409 1681 1474 si
1737 1407 1892 1491 quid
1946 1417 2276 1492 peccatum
2335 1418 2449 1479 est.
2551 1413 2701 1497 Sed,

364 1507 535 1590 quod
577 1507 783 1575 maius
819 1516 935 1591 est,
979 1528 1181 1592 penes
1211 1528 1321 1574 eos
1351 1516 1448 1574 est
1475 1529 1723 1575 summa
1748 1512 2111 1594 auctoritas,
2156 1513 2413 1595 qualem
2441 1515 2706 1580 maximi

364 1610 621 1675 omnino
663 1610 948 1677 fecerunt
990 1610 1298 1691 Romani,
1359 1617 1423 1675 et
1478 1631 1726 1677 summa
1779 1613 2172 1696 reipublicae
2226 1622 2483 1681 nostrae
2531 1636 2702 1683 cura.

364 1711 570 1790 Quam
623 1714 908 1779 Rectoris
962 1713 1164 1778 nostri
1216 1711 1828 1794 Magnificentissimi
1894 1734 2109 1781 curam
2179 1736 2480 1799 magnam
2545 1717 2701 1800 fore,

364 1815 722 1898 exspectari
762 1821 974 1898 potest
1015 1835 1057 1879 a
1100 1813 1312 1879 Caroli
1347 1814 1655 1881 Friderici
1696 1814 1846 1898 filio,
1894 1814 2106 1881 Caroli
2135 1817 2405 1901 Augusti
2446 1827 2700 1903 nepote.

364 1915 532 1994 Quin
574 1916 685 1981 vix
727 1917 1002 2000 adeptus
1044 1936 1278 1981 novam
1322 1922 1704 1999 potestatem
1746 1916 1874 1982 duo
1930 1918 2060 1984 iam
2100 1919 2240 2002 ipse
2284 1920 2471 1986 huius
2513 1940 2704 1988 curae

362 2018 726 2083 testimonia
769 2018 972 2084 edidit
998 2017 1518 2084 luculentissima.
1587 2018 1876 2085 Alterum
1905 2027 2001 2086 est
2029 2020 2199 2102 quod
2228 2022 2703 2089 commissiones

362 2119 704 2185 litterarias
773 2119 947 2203 apud
1015 2139 1134 2185 nos
1190 2118 1565 2201 aliquandiu
1618 2119 2015 2187 intermissas
2068 2122 2448 2188 instauravit
2500 2125 2704 2191 auctis

366 2221 557 2287 etiam
613 2221 707 2287 eis
760 2221 1146 2287 adiumentis
1203 2240 1370 2303 quae
1420 2221 1488 2286 in
1542 2221 1712 2287 hunc
1767 2221 1957 2289 finem
2001 2243 2043 2288 a
2085 2223 2252 2289 Divo
2299 2223 2527 2290 Carolo
2571 2227 2704 2291 Fri-

365 2322 577 2388 derico
621 2322 1100 2388 subministrata
1142 2329 1341 2388 erant.
1426 2323 1714 2389 Alterum
1774 2332 1871 2391 est
1924 2324 2097 2407 quod
2139 2326 2498 2391 auctoribus
2540 2328 2703 2411 ipso,

366 2425 625 2507 eiusque
653 2424 1050 2506 consiliariis,
1095 2424 1292 2490 aedes
1319 2426 1657 2508 maximae,
1703 2425 1857 2491 olim
1903 2426 2152 2492 fiscales
2194 2448 2365 2493 nunc
2406 2428 2492 2493 ad
2527 2448 2704 2495 aera-

364 2527 526 2591 rium
585 2527 1008 2609 pertinentes,
1066 2527 1325 2609 egregia
1376 2527 1765 2594 liberalitate
1816 2540 1858 2593 a
1912 2528 2169 2613 publico
2226 2530 2448 2614 populi
2502 2532 2705 2597 nostri

365 2629 632 2693 concilio
675 2629 950 2695 traditae
992 2636 1140 2696 sunt
1182 2629 1614 2712 Vniversitati,
1658 2637 1728 2695 ut
1769 2631 2047 2697 refectae
2088 2631 2435 2714 aliquando
2480 2640 2545 2699 et
2586 2654 2703 2717 pro

363 2730 613 2796 ratione
665 2730 758 2796 rei
810 2738 1093 2797 mutatae
1147 2731 1601 2797 bibliothecam
1659 2732 1982 2816 aliamque
2046 2734 2418 2800 litterariam
2477 2735 2705 2802 acade-

366 2832 533 2897 miae
593 2833 1053 2915 supellectilem
1107 2834 1437 2917 recipiant.
1534 2832 1717 2912 Quae
1770 2855 1874 2900 res
1931 2842 2236 2917 quantum
2280 2836 2386 2901 -ad
2450 2845 2706 2905 nostrae

364 2954 497 2998 non
540 2934 729 2999 modo
773 2935 1002 3001 aetatis
1045 2935 1161 3001 sed
1204 2936 1397 3001 etiam
1439 2943 1835 3018 posterorum
1865 2938 2359 3003 emolumentum
2388 2940 2704 3021 pertineat

367 3034 495 3100 dici
536 3036 647 3100 vix
689 3042 918 3120 potest,
970 3056 1177 3119 neque
1220 3057 1379 3121 opus
1422 3038 1559 3119 erit,
1614 3044 1686 3101 ut
1725 3038 1985 3104 uberius
2031 3038 2238 3105 dicam
2283 3059 2496 3105 coram
2538 3041 2705 3108 bene

364 3138 888 3220 intelligentibus.
978 3139 1145 3204 Nam
1188 3138 1358 3221 quod
1401 3138 1709 3204 Goethius
1752 3139 2001 3205 solebat
2047 3139 2275 3221 dicere,
2320 3140 2527 3233 ipsam
2570 3143 2706 3209 uni-

367 3240 735 3304 versitatum
782 3239 1157 3322 dignitatem
1200 3239 1553 3323 publicam,
1613 3240 2001 3306 metiendam
2046 3241 2518 3324 quodammodo
2561 3263 2704 3311 esse

369 3340 680 3422 dignitate
733 3343 1050 3424 locorum,
1118 3341 1346 3424 quibus
1399 3348 1809 3407 asserventur
1862 3343 2145 3408 thesauri
2203 3342 2291 3408 ad
2347 3343 2703 3412 docendum

369 3441 866 3526 discendumque
921 3443 1130 3527 parati
1146 3492 1162 3524 ,
1221 3442 1569 3508 rectissime
1626 3442 1861 3508 dictum
1906 3463 2048 3510 esse
2090 3443 2360 3510 videtur.
2448 3448 2703 3514 Etenim

368 3544 534 3609 bene
592 3551 654 3608 et
710 3547 958 3611 naviter
1015 3545 1243 3610 docere
1297 3551 1394 3610 est
1445 3544 1892 3626 magistrorum
1946 3546 2406 3629 universitatis,
2463 3550 2706 3615 auxilia

367 3643 644 3710 docendi
697 3666 1041 3728 congerere
1095 3647 1385 3729 beneque
1444 3652 1637 3729 atque
1696 3646 1934 3713 utiliter
1973 3667 2353 3715 conservare
2398 3656 2495 3715 est
2536 3651 2705 3735 prin-

369 3748 597 3829 cipum.
698 3748 1078 3814 Hominibus
1134 3756 1377 3830 autem,
1436 3748 1844 3830 quantumvis
1898 3749 2177 3815 cordatis
2231 3756 2422 3832 atque
2481 3751 2702 3835 doctis,

369 3848 717 3929 aliquando
763 3849 1220 3917 discedendum
1270 3856 1366 3916 est
1409 3850 1730 3931 omnibus,
1792 3852 2234 3934 expleturque‚
2294 3852 2348 3917 si
2391 3853 2532 3935 quis
2575 3852 2702 3936 fiat,

367 3950 607 4032 hiatus,
675 3952 980 4035 temporis
1034 3952 1293 4018 flumine
1348 3950 1896 4033 intercapedinem
1951 3954 2359 4035 explanante.
2460 3954 2547 4020 At
2599 3955 2704 4022 isti

368 4052 651 4117 thesauri
710 4060 973 4119 manent
1037 4074 1180 4118 cum
1242 4054 1385 4137 ipsa
1448 4052 1893 4135 universitate,
1966 4054 2451 4137 testimonioque
2522 4064 2704 4122 erunt

368 4153 639 4236 posteris
695 4155 917 4237 quanti
965 4155 1446 4222 universitatem
1487 4155 1694 4239 ipsam
1736 4155 2077 4222 habuerint
2118 4156 2441 4240 principes
2482 4158 2700 4223 nostri.

539 4255 748 4334 Quare
819 4256 973 4322 laeti
1044 4257 1429 4341 accipiamus
1500 4256 1772 4322 faustum
1839 4277 2057 4339 omen,
2130 4278 2254 4341 quo
2316 4258 2460 4342 ipsa
2519 4259 2705 4326 initia

368 4364 716 4423 rectoratus
797 4355 1109 4423 CAROLI
1179 4358 1692 4424 ALEXANDRI
1778 4359 2087 4425 celebrari
2156 4358 2348 4425 hodie
2420 4369 2705 4444 possunt.

473 4465 765 4515 Gon‘r‘rnmcr,
794 4466 1008 4517 opuscula.
2271 4462 2301 4512 8
