3499 5219
1353 457 1486 464 ---
1576 425 1697 485 205
1787 456 1920 463 -—

751 587 1152 669 Θερμομένου
1196 585 1448 669 ταύροιο
1495 593 1720 651 κλυτοῦ
1761 586 1922 667 μένει
1967 585 2210 667 ἠελίοιο,

744 675 871 735 Καὶ
917 670 1053 736 τότε
1100 673 1176 755 δὴ
1221 669 1536 755 πεφύλαξο
1582 673 1748 735 πόλει
1796 672 1986 735 κακὸν
2028 671 2138 734 οὐκ
2182 669 2537 735 ἀλαπαδνόν

736 756 1116 839 Ἐρχόμενον,
1165 760 1386 838 καρποὶ
1431 758 1546 839 γὰρ
1593 755 2141 841 ἀποφθινύθουσιν
2182 758 2244 820 ἕν
2288 755 2445 841 αὐτῇ

745 844 935 925 Γαίης
980 844 1400 923 δασσαμένων,
1452 842 1675 906 Φώκου
1722 842 1787 904 δ’
1837 844 1930 904 ἐπὶ
1977 850 2145 923 σῆμα
2190 840 2515 925 φερόντων.

621 995 849 1062 Cetera
908 997 991 1062 ab
1034 997 1466 1082 Aristophane
1525 1004 1589 1063 et
1637 996 1921 1063 Luciano
1978 996 2123 1062 ficta
2179 997 2486 1061 vaticinia
2541 997 2799 1065 Bacidis

449 1098 629 1164 nolui
686 1098 1066 1182 adiungere,
1132 1118 1344 1182 neque
1396 1098 1559 1164 illud
1600 1098 1973 1164 vaticinium
1988 1147 2004 1180 ,
2064 1119 2188 1181 quo
2230 1099 2601 1166 Alcibiades
2644 1120 2796 1168 usus

449 1219 592 1278 esse
636 1199 869 1264 dicitur
912 1200 1254 1277 (Plutarch.
1301 1201 1441 1266 Nic.
1494 1204 1589 1265 13.
1649 1200 1726 1265 cf.
1774 1201 1973 1266 Thuc.
2019 1200 2197 1283 VIII,
2252 1204 2331 1276 1.)
2387 1200 2475 1266 ad
2528 1202 2799 1270 suaden-

449 1301 599 1366 dam
664 1301 1166 1368 Atheniensibus
1240 1303 1715 1387 expeditionem
1772 1301 2193 1368 Siciliensem.
2294 1302 2552 1370 Bacidis
2625 1306 2796 1372 enim

445 1422 681 1468 nomen
723 1423 856 1468 non
899 1403 1194 1469 adhibuit
1235 1405 1631 1470 Plutarchus.
1719 1403 2111 1469 Dubitabam
2154 1405 2359 1487 primo
2404 1402 2795 1473 Onomacriti

444 1523 669 1570 manes
712 1504 902 1571 huius
945 1525 1195 1590 quoque
1236 1505 1384 1571 falsi
1429 1526 1571 1572 reos
1626 1505 1838 1571 facere
1895 1511 2069 1584 (nam
2127 1502 2372 1582 πάντες
2430 1504 2795 1588 ἐρείδουσιν

447 1604 542 1682 εἷς
577 1600 1001 1687 Ὑπέρβολον)
1059 1629 1252 1692 quum
1302 1605 1577 1673 eundem
1622 1608 1830 1672 virum
1873 1608 2220 1674 novissime
2264 1608 2457 1674 etiam
2503 1608 2586 1676 de
2629 1629 2793 1675 com-

445 1707 762 1790 positione
807 1709 1191 1792 theogoniae
1233 1710 1315 1775 ab
1349 1710 1423 1774 Ε.
1457 1707 1816 1776 Gerhardio
1859 1709 2042 1792 argui
2083 1708 2392 1791 viderem,
2438 1730 2629 1793 quam
2674 1732 2793 1795 ego

444 1808 711 1875 Hesiodi
784 1830 927 1876 esse
999 1812 1318 1877 somniare
1389 1830 1473 1877 ne
1543 1831 1714 1877 nunc
1782 1810 2040 1894 quidem
2104 1809 2326 1876 desino
2345 1813 2407 1887 ¹).
2509 1813 2795 1880 Verebar

446 1913 617 1978 enim
634 1960 650 1993 ‚
711 1931 795 1978 116
809 1960 825 1994 ,
890 1913 947 1976 si
1004 1909 1478 1978 Onomacritum
1538 1913 1746 1980 denuo
1800 1912 2237 1978 insimularem
2250 1959 2268 1993 ,
2325 1912 2624 1980 Proteum
2681 1916 2794 1981 ali·

445 2033 634 2096 quem
690 2033 796 2079 me
826 2014 1026 2079 vvelle
1081 2013 1388 2097 colligare
1445 2014 1715 2081 viderer.
1805 2015 1974 2079 Nam
2030 2015 2143 2079 ille
2202 2016 2583 2098 compositor
2638 2017 2793 2084 Ger·

443 2113 794 2181 hardianus
836 2114 1002 2182 adeo
1047 2116 1147 2180 sui
1188 2115 1390 2199 ipsius
1434 2122 1531 2182 est
1574 2117 1866 2182 aemulus
1880 2165 1896 2198 ‚
1944 2122 2013 2181 ut
2055 2136 2247 2199 quum
2289 2116 2555 2183 alternis
2599 2119 2794 2185 versi·

260 2207 264 2211 ’
325 2286 332 2291 ,
442 2217 563 2281 11113
624 2236 695 2282 36
749 2215 1055 2301 corrigat,
1129 2218 1236 2283 vel
1293 2218 1643 2301 corrigatur
1697 2238 1739 2282 a
1795 2217 2106 2301 Cercope,
2181 2225 2293 2283 aut
2363 2218 2505 2302 ipse
2570 2219 2792 2305 biceps

442 2317 736 2384 videatur
790 2338 934 2385 esse
989 2325 1102 2384 aut
1156 2320 1411 2382 καπνοῦ
1459 2317 1628 2383 σκιά.
1722 2318 1907 2386 Certe
1951 2319 2342 2401 Heraclitus,
2403 2318 2790 2388 Onomacriti

441 2418 574 2485 fere
630 2421 954 2503 aequalis,
1017 2418 1286 2496 Hesiodi
1341 2440 1481 2487 esse
1541 2420 1793 2487 dixerat
1845 2441 1950 2486 vv.
1995 2420 2410 2503 Theogoniae
2459 2426 2596 2488 123.
2650 2428 2788 2489 124.

441 2540 601 2603 quos
644 2521 972 2605 orphicam
1017 2522 1370 2588 doctrinam
1412 2523 1704 2589 redolere
1746 2527 1931 2606 putat
1961 2521 2373 2588 Gerhardius.
2448 2523 2581 2590 Sed
2621 2545 2792 2592 nunc

443 2623 524 2689 de
578 2623 702 2689 hoc
757 2622 1163 2691 Onomacrito
1233 2624 1540 2692 1163161166
1612 2627 1764 2691 11616
1836 2624 2223 2691 contendere
2295 2645 2438 2690 cum
2501 2628 2574 2692 E.
2637 2627 2791 2695 Ger·

439 2720 696 2810 hardio,
749 2728 956 2792 amico
1001 2746 1163 2793 meo.
1250 2729 1473 2812 Longe
1515 2735 1732 2793 tamen
1776 2728 2176 2793 innocentior
2218 2727 2274 2792 is
2317 2727 2518 2794 fuisse
2559 2737 2787 2813 putan-

442 2824 561 2892 dus
618 2834 747 2909 est,
805 2827 913 2911 qui
957 2828 1108 2895 Baci
1118 2829 1264 2895 dem
1319 2828 1641 2913 quendam
1697 2829 1960 2912 eiusque
2014 2828 2320 2894 vaticinia
2375 2831 2778 2914 excogitavit,

448 2947 639 3010 quam
681 2928 738 2994 is
782 2929 891 3012 qui
932 2929 1216 2997 Hesiodo
1258 2950 1379 2997 sua
1419 2931 1704 2998 6611111116
1745 2926 2148 3014 inscripsisse
2193 2929 2439 2995 dicitur.

575 3132 612 3197 ¹)
648 3132 711 3184 V.
745 3133 963 3185 Hesiodi
1002 3133 1289 3198 theogonia.
1359 3132 1441 3183 Ad
1476 3132 1647 3183 Codic.
1696 3132 1845 3182 fidem
1887 3133 2142 3183 recensuit
2176 3133 2235 3183 E.
2280 3132 2590 3182 Gcrhardius
2626 3132 2795 3198 praef.

437 3232 489 3282 p.
526 3216 588 3268 V.
660 3216 737 3268 Of.
773 3220 838 3271 E.
876 3219 1133 3269 Gerhard:
1182 3217 1348 3268 Ueber
1394 3217 1477 3268 die
1525 3216 1841 3268 hesiodische
1877 3216 2184 3282 Theogonie.
2254 3216 2415 3267 Miror
2450 3217 2787 3268 Gerhardium

437 3303 528 3368 qui
574 3302 831 3354 amoebaei
878 3305 1119 3354 carminis
1154 3302 1372 3367 vestigia
1422 3302 1777 3367 antiquissima
1823 3302 1878 3351 in
1911 3302 2128 3352 Hesiodi
2183 3301 2457 3365 theogonia
2502 3301 2604 3351 sibi
2647 3303 2788 3353 visus

435 3394 514 3438 eat
559 3388 814 3439 invenisse
861 3404 965 3439 non
1015 3389 1080 3440 ad
1126 3389 1265 3453 ipsas
1299 3387 1472 3437 Musas
1520 3391 1763 3451 tanquam
1810 3391 2041 3437 auctores
2088 3387 2328 3437 carminis
2376 3387 2633 3437 amoebaei
2667 3403 2782 3452 pro·

437 3489 652 3525 vocasse.
720 3473 871 3524 Iliad.
908 3475 949 3536 Ι,
987 3476 1103 3527 603.
1173 3470 1469 3534 Μουσάων,
1517 3465 1579 3521 αἳ
1621 3462 1808 3522 ἄειδον
1855 3466 2212 3540 ἀμειβόμεναι
2259 3462 2355 3522 ὅπὶ
2389 3470 2535 3541 καλῇ.
2608 3472 2786 3539 Odys&

434 3557 661 3620 XXIIII,
700 3561 783 3612 60.

1317 3825 1490 3833 m„
1501 3822 1865 3833 m———ffl
1890 3822 1901 3826 -
