3499 5219
1297 437 1867 499 —221—

407 612 620 674 ταῦτα
656 602 1089 689 ἀποβάλοιμι,
1135 601 1389 685 πατρὸς
1435 601 1506 668 δὲ
1548 604 1654 667 καὶ
1700 598 1950 688 μητρὸς
1992 594 2208 669 οὗκέτι
2255 602 2408 687 ἐμεῦ
2454 603 2750 687 ζωόντων

414 707 736 797 ἀδελφεὸς
800 703 879 772 ἂν
938 704 1139 784 ἄλλος
1198 698 1411 770 οὐδενὶ
1482 704 1710 790 τρόπῳ
1780 705 2056 789 γένοιτο.
2131 705 2334 793 ταύτῃ
2394 709 2473 793 ’τῇ
2529 708 2749 794 γνώμῃ

410 816 737 899 χρεωμένη
785 809 972 889 ἔλεξα
1015 809 1242 873 ταῦτα.
1330 807 1574 888 Quibus
1623 803 1715 875 *ad
1772 810 2078 877 amussim
2119 811 2513 896 respondent
2553 813 2754 879 verba

410 914 917 1001 interpolatoris.

749 1033 911 1104 τίνος
955 1029 1145 1110 νόμου
1192 1027 1267 1109 δὴ
1312 1034 1430 1091 ταῦ
1437 1053 1510 1090 τα
1556 1026 1710 1136 πρὸς
1744 1024 1933 1109 χάριν
1975 1029 2164 1137 Myce,-

744 1114 922 1191 πόσις
963 1116 1079 1195 μὲν
1121 1141 1200 1178 αν
1239 1138 1345 1193 μοι
1392 1110 1813 1187 κατθανόντος
1855 1111 2043 1188 αλλος
2054 1105 2180 1221 ἦν,

747 1204 849 1265 καὶ
891 1211 1036 1276 παῖς
1078 1197 1192 1263 ἀπ
1238 1198 1432 1262 ἄλλου
1476 1200 1686 1285 φωτός
1725 1202 1780 1264 εἰ
1818 1199 1999 1265 τοῦδ’
2043 1196 2388 1282 ἤμπλακον.
2404 1205 2447 1279 ¹)

414 1328 516 1392 Ex
571 1325 674 1391 his
729 1330 943 1390 autem
998 1321 1456 1389 additamentis
1516 1341 1599 1389 ex
1649 1321 1977 1389 Herodoto
2036 1323 2358 1390 arcessitis
2415 1323 2597 1407 quasi
2650 1341 2759 1389 ne·

417 1427 704 1521 cessario.
763 1425 947 1491 fluxit
1011 1425 1255 1492 inutilis
1313 1432 1377 1492 et
1436 1424 1749 1492 damnosa
1800 1426 1918 1492 illa
1972 1426 2277 1493 correctio
2331 1445 2555 1492 versus
2611 1428 2756 1491 876.

419 1526 535 1593 οὐκ
582 1520 720 1594 ἔστ’
772 1520 1062 1612 ἀδελφὸς
1107 1521 1291 1603 ὅστις
1349 1518 1429 1592 ἂν
1480 1524 1760 1609 βλάστοι
1804 1531 2009 1608 nme,-
2067 1528 2242 1612 quod
2294 1547 2412 1613 per
2463 1547 2535 1594 se
2588 1527 2758 1592 male

418 1632 657 1697 dictum
702 1649 846 1698 esse
886 1637 1059 1697 recte
1100 1630 1346 1697 monuit
1387 1630 1918 1697 Schneidewinus
1930 1632 1998 1708 ²).

588 1734 675 1800 At
700 1753 855 1800 vero
883 1753 1036 1799 num
1064 1732 1429 1817 putabimus
1469 1733 1679 1818 ipsum
1707 1732 2118 1800 Aristotelem
2159 1753 2346 1799 usum
2388 1751 2532 1799 esse
2571 1732 2760 1797 inter·

418 1836 638 1920 pelato
669 1835 1007 1920 Sophoclis
1044 1833 1448 1919 exemplari?
1507 1834 1656 1901 Non
1684 1834 2085 1903 crediderim.
2142 1835 2357 1903 Etiam
2385 1833 2762 1900 Aristoteles

419 1939 654 2021 leg-isse
695 1936 763 2002 in
803 1937 1122 2022 Sophocle
1163 1938 1231 2003 id
1274 1937 1544 2020 videtur,
1589 1936 1763 2021 quod
1805 1936 2136 2021 scripsisse
2178 1944 2434 2021 poetam
2476 1933 2763 2002 arbitrati

420 2060 669 2123 sumus,
724 2039 917 2105 modo
972 2041 1118 2123 ipsa
1171 2039 1402 2121 verba,
1462 2039 1690 2122 quibus
1743 2045 1939 2105 antea
1990 2059 2143 2106 usus
2183 2045 2283 2106 est
2321 2038 2762 2124 philosophus,

419 2149 592 2209 reete
633 2142 1144 2225 interpretemur.
1223 2141 1391 2207 Nam
1431 2140 1517 2204 τὰ
1559 2139 1677 2219 μὲν
1722 2139 1844 2222 γὰρ
1893 2133 1972 2202 ἢν
2015 2145 2332 2224 γενέσθαι
2377 2133 2761 2219 ἀπολόμενα

423 2267 554 2312 non
610 2244 1003 2328 significant:
1075 2265 1182 2308 eos
1238 2246 1398 2307 enim
1455 2264 1567 2306 nec
1616 2254 1837 2328 postea
1890 2242 2014 2306 sibi
2065 2242 2423 2327 defuturos,
2480 2243 2542 2304 si
2569 2240 2765 2326 sorte

417 2349 758 2433 pem‘em'nt,
819 2345 937 2413 sed
992 2367 1100 2409 eos
1154 2347 1313 2408 enim
1367 2361 1518 2408 sane
1572 2347 1896 2429 sepultura
1940 2345 2048 2425 (ab
2092 2345 2262 2423 aliis)
2306 2343 2614 2407 eonditum
2657 2343 2764 2432 iri,

395 2451 484 2512 'si
526 2449 869 2533 perieram,
925 2447 1031 2515 vel
1090 2447 1303 2532 potius
1356 2468 1477 2510 non
1537 2446 1867 2531 defuturos
1922 2469 2081 2520 esse,
2147 2449 2258 2533 qui
2296 2469 2401 2510 eos
2442 2446 2761 2531 sepeliant.

425 2552 494 2619 Si
537 2551 727 2618 aliter
766 2550 1041 2635 intelligi
1085 2550 1392 2617 voluisset
1434 2549 1852 2617 Aristoteleso
1896 2548 2256 2635 scripsisset
2298 2568 2457 2616 sane
2513 2546 2596 2614 τὰ
2646 2546 2764 2633 μὲν

424 2653 546 2739 γὰρ
593 2646 673 2718 ἄν
729 2642 981 2730 αὖθις
1037 2658 1382 2735 γενέσθαι,
1445 2655 1551 2719 vel
1593 2650 1677 2717 τὰ
1718 2653 1839 2733 μὲν
1881 2651 2005 2737 γὰρ
2051 2645 2130 2717 ἂν
2174 2657 2491 2735 γενέσθαι
2535 2645 2762 2715 ἄλλᾶ.

425 2757 530 2824 Ad
572 2753 887 2839 γενέσθαι
929 2755 1123 2839 igitur
1136 2803 1154 2837 ,
1212 2775 1405 2839 quum
1462 2776 1593 2821 non
1656 2753 1948 2820 additum
1998 2755 2082 2820 sit
2125 2741 2329 2830 αὖθις
2370 2753 2765 2835 adverbium,

427 2879 508 2926 ex
552 2857 1082 2925 antecedentibus
1124 2856 1555 2942 supplendum
1585 2863 1683 2924 est
1709 2855 2130 2942 κηδευόμενα,
2177 2862 2248 2922 ut
2273 2855 2447 2922 idem
2475 2854 2771 2921 videatur

426 2980 572 3029 esse
627 2979 704 3026 ae
761 2960 816 3026 si
873 2959 1232 3042 scripsisset
1303 2959 1386 3024 τὰ
1456 2958 1574 3039 μὲν
1644 2954 1768 3042 γὰρ
1834 2950 1913 3022 ἂν
1971 2954 2414 3042 κηδεύσεσῧαι
2470 2953 2769 3021 θανόντα

404 3056 620 3139 'menn
678 3062 779 3125 die
835 3061 1087 3124 werden
1147 3082 1212 3123 es
1266 3062 1457 3125 seleon
1513 3061 1760 3124 wer-den
1809 3059 2150 3143 (bestattet)
2169 3110 2186 3142 ‚
2259 3079 2432 3121 wenn
2489 3060 2581 3122 sie
2637 3057 2771 3121 die-

428 3165 634 3242 selben
679 3164 977 3243 ver-lere).
1053 3164 1154 3229 De
1197 3184 1324 3246 qua
1365 3163 1811 3230 coniunctione
1839 3163 2020 3228 verbi
2048 3160 2432 3229 substantivi
2460 3164 2769 3243 γίνεσθαι

430 3287 573 3334 cum
616 3265 951 3351 participio
996 3284 1056 3330 V.
1100 3266 1384 3331 Lobeck.
1430 3266 1515 3331 ad
1561 3266 1758 3350 Soph.
1803 3265 1905 3331 Ai.
1950 3267 2095 3331 588.

570 3560 607 3621 ¹)
642 3558 706 3608 In
740 3558 821 3608 his
856 3556 1086 3609 versibus
1118 3554 1495 3614 κατθανόντος
1538 3557 1669 3608 illud
1709 3573 1812 3622 pro
1855 3547 2232 3608 κατθανόντος
2278 3546 2476 3602 τούτου
2520 3548 2602 3600 vel
2648 3542 2774 3599 ἀντὶ

432 3644 533 3695 τοῦ
564 3660 612 3694 κ.
649 3660 752 3694 non
788 3648 865 3694 est
900 3643 1234 3708 Sophocleum
1281 3644 1383 3694 nisi
1429 3643 1555 3695 velis
1602 3642 1883 3708 genitivum
1924 3640 1987 3690 ab
2025 3636 2179 3693 ἄλλος
2212 3636 2448 3704 pendere.
2583 3634 2621 3698 ²)
2654 3635 2774 3700 Ipse

434 3727 850 3779 Schneidewinus
882 3729 1162 3795 Iophonte,
1212 3729 1478 3796 Sophoclis
1527 3728 1661 3790 filio,
1710 3743 1882 3777 omnes
1931 3741 2128 3784 versus,
2178 3739 2301 3788 quos
2343 3738 2436 3788 pro
2472 3718 2774 3771 adulterinis

433 3810 615 3866 habuit
652 3810 899 3874 Iacobus,
946 3814 1082 3864 haud
1128 3813 1369 3880 indignos
1414 3830 1519 3864 esse
1564 3819 1764 3873 censet,
1816 3814 2091 3862 commotus
2135 3807 2409 3874 praecipue
2445 3803 2777 3857 Grammatici

433 3897 696 3949 cuiusdam
731 3899 1034 3949 auctoritate
1069 3901 1237 3965 (qnam
1273 3916 1377 3950 uno
1411 3899 1562 3950 verbo
1596 3899 1842 3949 reiecerat
1874 3895 2172 3947 Welckerus
2205 3893 2356 3958 Trag.
2391 3907 2441 3958 p.
2479 3893 2646 3955 me),
2687 3888 2777 3954 qui

434 3983 511 4034 ita
545 3983 676 4034 dicit
707 3983 845 4050 apud
881 3982 1101 4037 Cramer.
1134 3985 1320 4036 Aneod.
1358 3986 1447 4037 Ox.
1483 3985 1571 4036 IV.
1607 4000 1659 4051 p.
1694 3986 1812 4037 315.
1857 3976 2030 4033 πολλὰ
2073 3976 2182 4046 γὰρ
2230 3971 2570 4046 νοθευόμενά
2603 3972 2772 4032 ἐστιν,

437 4062 510 4123 ὥς
554 4067 899 4136 Σοφοκλέους
938 4063 1230 4136 Ἀντιγόνη.
1288 4069 1500 4138 λέγεται
1543 4066 1650 4136 γὰρ
1698 4059 1840 4120 εἶναι
1876 4061 2244 4132 Ἀντιφῶντος
2289 4057 2628 4133 [Ἰοφῶντος]
2677 4060 2777 4111 τοῦ

437 4152 798 4222 Σοφοκλέους*
830 4147 970 4207 υἱοῦ.
1038 4155 1214 4220 Neque
1259 4156 1560 4222 Iophontem
1605 4160 1806 4215 tamen,
1851 4152 2072 4203 nobilem
2117 4151 2369 4216 tragicum
2405 4148 2482 4209 (V.
2518 4145 2776 4211 Aristoph.

437 4238 567 4291 Rau.
604 4240 736 4305 73.)‚
782 4240 1068 4306 putaverim
1115 4240 1277 4292 bonae
1320 4241 1515 4306 logicae
1552 4245 1604 4291 et
1635 4253 1833 4289 morum
1868 4238 2140 4288 atticorum
2172 4236 2298 4287 adeo
2332 4234 2487 4285 fuisse
2521 4233 2777 4283 immemo-

439 4339 543 4374 rem
578 4329 639 4374 ut
671 4340 845 4375 versus
880 4327 1007 4376 istos
1042 4326 1371 4392 procuderet,
1407 4325 1589 4390 dignos
1621 4324 1739 4375 illos
1773 4324 2022 4375 histrione
2057 4321 2300 4388 quodam,
2337 4319 2454 4384 qui,
2489 4332 2643 4383 quum
2678 4316 2781 4368 sibi

438 4409 661 4474 agendae
695 4416 866 4476 partes
902 4412 1192 4477 Antigonae
1225 4417 1407 4473 essent,
1444 4410 1673 4462 dicteriis
1707 4410 1823 4460 istis
1857 4409 2190 4459 Athenienses
2222 4404 2386 4456 voluit
2419 4403 2682 4454 oblectari.
