<?xml version="1.0" encoding="UTF-8"?>
<!DOCTYPE html PUBLIC "-//W3C//DTD XHTML 1.0 Transitional//EN"
    "http://www.w3.org/TR/xhtml1/DTD/xhtml1-transitional.dtd">
<html xmlns="http://www.w3.org/1999/xhtml" xml:lang="en" lang="en">
 <head>
  <title>
</title>
<meta http-equiv="Content-Type" content="text/html;charset=utf-8" />
  <meta name='ocr-system' content='tesseract 3.04.00' />
  <meta name='ocr-capabilities' content='ocr_page ocr_carea ocr_par ocr_line ocrx_word'/>
</head>
<body>
  <div class='ocr_page' id='page_1' title='image "./opusculaacademi00goetgoog_0316.png"; bbox 0 0 3499 5219; ppageno 0'>
   <div class='ocr_carea' id='block_1_1' title="bbox 1659 397 2223 460">
    <p class='ocr_par' dir='ltr' id='par_1_1' title="bbox 1659 397 2223 460">
     <span class='ocr_line' id='line_1_1' title="bbox 1659 397 2223 460; baseline 0.002 -1"><span class='ocrx_word' id='word_1_1' title='bbox 1659 397 2223 460; x_wconf 53' lang='lat' dir='ltr'><strong>—300ffl</strong></span> 
     </span>
    </p>
   </div>
   <div class='ocr_carea' id='block_1_2' title="bbox 691 561 3124 4424">
    <p class='ocr_par' dir='ltr' id='par_1_2' title="bbox 691 561 3124 4424">
     <span class='ocr_line' id='line_1_2' title="bbox 767 561 3114 649; baseline -0.003 -18"><span class='ocrx_word' id='word_1_2' title='bbox 767 584 926 649; x_wconf 86' lang='lat' dir='ltr'>ager</span> <span class='ocrx_word' id='word_1_3' title='bbox 976 565 1269 648; x_wconf 90' lang='lat' dir='ltr'>publicus</span> <span class='ocrx_word' id='word_1_4' title='bbox 1322 564 1506 646; x_wconf 89' lang='lat' dir='ltr'>isque</span> <span class='ocrx_word' id='word_1_5' title='bbox 1560 563 1953 630; x_wconf 88' lang='lat' dir='ltr'>decumanus</span> <span class='ocrx_word' id='word_1_6' title='bbox 2005 563 2074 628; x_wconf 92' lang='lat' dir='ltr'>in</span> <span class='ocrx_word' id='word_1_7' title='bbox 2129 570 2369 629; x_wconf 90' lang='lat' dir='ltr'>certum</span> <span class='ocrx_word' id='word_1_8' title='bbox 2425 561 2749 644; x_wconf 85' lang='lat' dir='ltr'>quoddam</span> <span class='ocrx_word' id='word_1_9' title='bbox 2791 581 3001 644; x_wconf 89' lang='lat' dir='ltr'>neque</span> <span class='ocrx_word' id='word_1_10' title='bbox 3044 561 3114 626; x_wconf 84' lang='lat' dir='ltr'>id</span> 
     </span>
     <span class='ocr_line' id='line_1_3' title="bbox 767 664 3112 750; baseline -0.001 -18"><span class='ocrx_word' id='word_1_11' title='bbox 767 667 966 743; x_wconf 82' lang='lat' dir='ltr'>breve</span> <span class='ocrx_word' id='word_1_12' title='bbox 1008 673 1260 750; x_wconf 90' lang='lat' dir='ltr'>tempus</span> <span class='ocrx_word' id='word_1_13' title='bbox 1304 664 1424 746; x_wconf 79' lang='lat' dir='ltr'>(of.</span> <span class='ocrx_word' id='word_1_14' title='bbox 1470 665 1804 732; x_wconf 85' lang='lat' dir='ltr'>Columell.</span> <span class='ocrx_word' id='word_1_15' title='bbox 1848 666 1898 748; x_wconf 91' lang='grc' dir='ltr'>Ι,</span> <span class='ocrx_word' id='word_1_16' title='bbox 1947 667 2032 743; x_wconf 88' lang='lat'>7.)</span> <span class='ocrx_word' id='word_1_17' title='bbox 2073 666 2321 730; x_wconf 87' lang='lat' dir='ltr'>locatus</span> <span class='ocrx_word' id='word_1_18' title='bbox 2363 671 2461 730; x_wconf 90' lang='lat' dir='ltr'>est</span> <span class='ocrx_word' id='word_1_19' title='bbox 2502 686 2545 730; x_wconf 88' lang='lat' dir='ltr'>a</span> <span class='ocrx_word' id='word_1_20' title='bbox 2586 664 2957 730; x_wconf 87' lang='lat' dir='ltr'>censoribus</span> <span class='ocrx_word' id='word_1_21' title='bbox 2997 683 3112 730; x_wconf 88' lang='lat' dir='ltr'>seu</span> 
     </span>
     <span class='ocr_line' id='line_1_4' title="bbox 769 763 3108 850; baseline -0.003 -16"><span class='ocrx_word' id='word_1_22' title='bbox 769 766 1247 834; x_wconf 85' lang='lat' dir='ltr'>triacadarcbis.</span> <span class='ocrx_word' id='word_1_23' title='bbox 1306 769 1475 834; x_wconf 85' lang='lat' dir='ltr'>Nam</span> <span class='ocrx_word' id='word_1_24' title='bbox 1501 771 1704 833; x_wconf 86' lang='grc' dir='ltr'>ΘΕΜ</span> <span class='ocrx_word' id='word_1_25' title='bbox 1729 775 1885 833; x_wconf 90' lang='lat' dir='ltr'>nota</span> <span class='ocrx_word' id='word_1_26' title='bbox 1914 766 2306 850; x_wconf 86' lang='lat' dir='ltr'>significatur</span> <span class='ocrx_word' id='word_1_27' title='bbox 2337 763 2678 848; x_wconf 79' lang='grc' dir='ltr'><strong><em>Θεμέλιον,</em></strong></span> <span class='ocrx_word' id='word_1_28' title='bbox 2710 785 2825 832; x_wconf 91' lang='lat' dir='ltr'>seu</span> <span class='ocrx_word' id='word_1_29' title='bbox 2853 764 3108 846; x_wconf 85' lang='lat' dir='ltr'>fundus,</span> 
     </span>
     <span class='ocr_line' id='line_1_5' title="bbox 771 867 3115 953; baseline -0.002 -18"><span class='ocrx_word' id='word_1_30' title='bbox 771 889 961 952; x_wconf 90' lang='lat' dir='ltr'>quem</span> <span class='ocrx_word' id='word_1_31' title='bbox 1004 870 1108 935; x_wconf 89' lang='lat' dir='ltr'>hic</span> <span class='ocrx_word' id='word_1_32' title='bbox 1150 870 1409 952; x_wconf 90' lang='lat' dir='ltr'>quidem</span> <span class='ocrx_word' id='word_1_33' title='bbox 1451 891 1582 936; x_wconf 94' lang='lat' dir='ltr'>non</span> <span class='ocrx_word' id='word_1_34' title='bbox 1625 889 1770 937; x_wconf 89' lang='lat' dir='ltr'>esse</span> <span class='ocrx_word' id='word_1_35' title='bbox 1797 870 2117 953; x_wconf 84' lang='lat' dir='ltr'>privatum</span> <span class='ocrx_word' id='word_1_36' title='bbox 2159 869 2276 936; x_wconf 89' lang='lat' dir='ltr'>sed</span> <span class='ocrx_word' id='word_1_37' title='bbox 2318 869 2643 953; x_wconf 90' lang='lat' dir='ltr'>publicum</span> <span class='ocrx_word' id='word_1_38' title='bbox 2685 876 2818 933; x_wconf 85' lang='lat' dir='ltr'>tam</span> <span class='ocrx_word' id='word_1_39' title='bbox 2861 886 2944 932; x_wconf 81' lang='lat' dir='ltr'>ex</span> <span class='ocrx_word' id='word_1_40' title='bbox 2970 867 3115 950; x_wconf 84' lang='lat' dir='ltr'>ipsa</span> 
     </span>
     <span class='ocr_line' id='line_1_6' title="bbox 768 962 3109 1056; baseline -0.002 -20"><span class='ocrx_word' id='word_1_41' title='bbox 768 972 1204 1056; x_wconf 74' lang='lat' dir='ltr'>inscriptionis</span> <span class='ocrx_word' id='word_1_42' title='bbox 1268 973 1590 1038; x_wconf 84' lang='lat' dir='ltr'>sententia</span> <span class='ocrx_word' id='word_1_43' title='bbox 1654 992 1847 1055; x_wconf 88' lang='lat' dir='ltr'>quam</span> <span class='ocrx_word' id='word_1_44' title='bbox 1913 992 1951 1038; x_wconf 90' lang='lat' dir='ltr'>e</span> <span class='ocrx_word' id='word_1_45' title='bbox 2010 973 2341 1055; x_wconf 86' lang='lat' dir='ltr'>regionum</span> <span class='ocrx_word' id='word_1_46' title='bbox 2405 971 2770 1037; x_wconf 90' lang='lat' dir='ltr'>nominibus</span> <span class='ocrx_word' id='word_1_47' title='bbox 2833 962 2971 1033; x_wconf 78' lang='grc' dir='ltr'>ὑπὸ</span> <span class='ocrx_word' id='word_1_48' title='bbox 3034 965 3109 1031; x_wconf 78' lang='grc' dir='ltr'>τὸ</span> 
     </span>
     <span class='ocr_line' id='line_1_7' title="bbox 767 1066 3110 1158; baseline -0 -21"><span class='ocrx_word' id='word_1_49' title='bbox 767 1066 1235 1156; x_wconf 76' lang='grc' dir='ltr'><strong><em>Ἀφροδίσιον,</em></strong></span> <span class='ocrx_word' id='word_1_50' title='bbox 1301 1069 1437 1138; x_wconf 76' lang='grc' dir='ltr'>ὑπὸ</span> <span class='ocrx_word' id='word_1_51' title='bbox 1500 1072 1579 1137; x_wconf 82' lang='grc' dir='ltr'>τὸ</span> <span class='ocrx_word' id='word_1_52' title='bbox 1635 1072 1918 1158; x_wconf 77' lang='grc' dir='ltr'><strong><em>Κόρειον</em></strong></span> <span class='ocrx_word' id='word_1_53' title='bbox 1971 1081 2091 1140; x_wconf 89' lang='lat' dir='ltr'>cet.</span> <span class='ocrx_word' id='word_1_54' title='bbox 2151 1073 2424 1139; x_wconf 84' lang='lat' dir='ltr'>divinari</span> <span class='ocrx_word' id='word_1_55' title='bbox 2480 1078 2710 1157; x_wconf 90' lang='lat' dir='ltr'>potest.</span> <span class='ocrx_word' id='word_1_56' title='bbox 2798 1073 2902 1137; x_wconf 90' lang='lat' dir='ltr'>De</span> <span class='ocrx_word' id='word_1_57' title='bbox 2958 1091 3110 1153; x_wconf 84' lang='lat' dir='ltr'>agro</span> 
     </span>
     <span class='ocr_line' id='line_1_8' title="bbox 772 1172 3118 1258; baseline -0.002 -18"><span class='ocrx_word' id='word_1_58' title='bbox 772 1182 985 1241; x_wconf 93' lang='lat' dir='ltr'>autem</span> <span class='ocrx_word' id='word_1_59' title='bbox 1016 1176 1369 1242; x_wconf 91' lang='lat' dir='ltr'>Siculorum</span> <span class='ocrx_word' id='word_1_60' title='bbox 1412 1183 1478 1242; x_wconf 92' lang='lat' dir='ltr'>et</span> <span class='ocrx_word' id='word_1_61' title='bbox 1520 1175 1601 1241; x_wconf 97' lang='lat' dir='ltr'>de</span> <span class='ocrx_word' id='word_1_62' title='bbox 1629 1176 1928 1242; x_wconf 91' lang='lat' dir='ltr'>Hieronis</span> <span class='ocrx_word' id='word_1_63' title='bbox 1969 1177 2134 1258; x_wconf 89' lang='lat' dir='ltr'>lege,</span> <span class='ocrx_word' id='word_1_64' title='bbox 2179 1175 2527 1242; x_wconf 90' lang='lat' dir='ltr'>secundum</span> <span class='ocrx_word' id='word_1_65' title='bbox 2571 1195 2763 1257; x_wconf 90' lang='lat' dir='ltr'>quam</span> <span class='ocrx_word' id='word_1_66' title='bbox 2806 1172 3118 1238; x_wconf 89' lang='lat' dir='ltr'>decumae</span> 
     </span>
     <span class='ocr_line' id='line_1_9' title="bbox 773 1275 3117 1362; baseline -0.002 -19"><span class='ocrx_word' id='word_1_67' title='bbox 773 1277 967 1343; x_wconf 89' lang='lat' dir='ltr'>etiam</span> <span class='ocrx_word' id='word_1_68' title='bbox 1009 1279 1440 1343; x_wconf 87' lang='lat' dir='ltr'>Romanorum</span> <span class='ocrx_word' id='word_1_69' title='bbox 1495 1278 1887 1362; x_wconf 78' lang='lat' dir='ltr'>temporibus</span> <span class='ocrx_word' id='word_1_70' title='bbox 1941 1277 2416 1358; x_wconf 82' lang='lat' dir='ltr'><strong>vendebantur,</strong></span> <span class='ocrx_word' id='word_1_71' title='bbox 2472 1276 2743 1358; x_wconf 90' lang='lat' dir='ltr'>insignis</span> <span class='ocrx_word' id='word_1_72' title='bbox 2798 1283 2897 1340; x_wconf 86' lang='lat' dir='ltr'>est</span> <span class='ocrx_word' id='word_1_73' title='bbox 2937 1275 3117 1339; x_wconf 91' lang='lat' dir='ltr'>locus</span> 
     </span>
     <span class='ocr_line' id='line_1_10' title="bbox 691 1379 3115 1470; baseline -0.002 -26"><span class='ocrx_word' id='word_1_74' title='bbox 691 1468 694 1470; x_wconf 65' lang='lat'>‚</span> <span class='ocrx_word' id='word_1_75' title='bbox 774 1379 1097 1445; x_wconf 78' lang='lat' dir='ltr'>Ciceronis</span> <span class='ocrx_word' id='word_1_76' title='bbox 1155 1381 1357 1458; x_wconf 89' lang='lat' dir='ltr'>(Verr.</span> <span class='ocrx_word' id='word_1_77' title='bbox 1413 1381 1543 1463; x_wconf 90' lang='lat' dir='ltr'>III,</span> <span class='ocrx_word' id='word_1_78' title='bbox 1590 1382 1706 1463; x_wconf 88' lang='lat'>6.)‚</span> <span class='ocrx_word' id='word_1_79' title='bbox 1767 1400 1955 1462; x_wconf 89' lang='lat' dir='ltr'>quem</span> <span class='ocrx_word' id='word_1_80' title='bbox 2010 1386 2210 1445; x_wconf 87' lang='lat' dir='ltr'>totum</span> <span class='ocrx_word' id='word_1_81' title='bbox 2275 1379 2610 1445; x_wconf 79' lang='lat' dir='ltr'>adscibere</span> <span class='ocrx_word' id='word_1_82' title='bbox 2671 1379 2937 1459; x_wconf 90' lang='lat' dir='ltr'>longum</span> <span class='ocrx_word' id='word_1_83' title='bbox 2998 1382 3115 1441; x_wconf 86' lang='lat' dir='ltr'>est.</span> 
     </span>
     <span class='ocr_line' id='line_1_11' title="bbox 773 1468 3115 1566; baseline -0.002 -19"><span class='ocrx_word' id='word_1_84' title='bbox 773 1481 955 1547; x_wconf 83' lang='lat' dir='ltr'>Mitto</span> <span class='ocrx_word' id='word_1_85' title='bbox 998 1489 1331 1566; x_wconf 91' lang='lat' dir='ltr'>praeterea</span> <span class='ocrx_word' id='word_1_86' title='bbox 1373 1483 1536 1548; x_wconf 91' lang='lat' dir='ltr'>alios</span> <span class='ocrx_word' id='word_1_87' title='bbox 1577 1468 1792 1564; x_wconf 54' lang='lat' dir='ltr'>locos}</span> <span class='ocrx_word' id='word_1_88' title='bbox 1820 1483 1927 1565; x_wconf 90' lang='lat' dir='ltr'>qui</span> <span class='ocrx_word' id='word_1_89' title='bbox 1975 1481 2057 1548; x_wconf 92' lang='lat' dir='ltr'>de</span> <span class='ocrx_word' id='word_1_90' title='bbox 2098 1483 2243 1564; x_wconf 88' lang='lat' dir='ltr'>lege</span> <span class='ocrx_word' id='word_1_91' title='bbox 2277 1482 2604 1547; x_wconf 85' lang='lat' dir='ltr'>hieronica</span> <span class='ocrx_word' id='word_1_92' title='bbox 2648 1486 2874 1563; x_wconf 83' lang='lat' dir='ltr'>agunt:</span> <span class='ocrx_word' id='word_1_93' title='bbox 2919 1499 3115 1543; x_wconf 90' lang='lat' dir='ltr'>unum</span> 
     </span>
     <span class='ocr_line' id='line_1_12' title="bbox 773 1582 3121 1667; baseline -0.002 -20"><span class='ocrx_word' id='word_1_94' title='bbox 773 1583 1092 1666; x_wconf 87' lang='lat' dir='ltr'>proferam</span> <span class='ocrx_word' id='word_1_95' title='bbox 1150 1585 1293 1666; x_wconf 92' lang='grc' dir='ltr'>(ΙΙΙ,</span> <span class='ocrx_word' id='word_1_96' title='bbox 1356 1588 1461 1662; x_wconf 86' lang='grc'>51)</span> <span class='ocrx_word' id='word_1_97' title='bbox 1520 1586 1627 1667; x_wconf 89' lang='lat' dir='ltr'>qui</span> <span class='ocrx_word' id='word_1_98' title='bbox 1681 1584 1769 1650; x_wconf 90' lang='lat' dir='ltr'>ad</span> <span class='ocrx_word' id='word_1_99' title='bbox 1823 1605 1959 1650; x_wconf 94' lang='lat' dir='ltr'>rem</span> <span class='ocrx_word' id='word_1_100' title='bbox 2014 1592 2297 1651; x_wconf 90' lang='lat' dir='ltr'>nostram</span> <span class='ocrx_word' id='word_1_101' title='bbox 2357 1585 2554 1667; x_wconf 91' lang='lat' dir='ltr'>plane</span> <span class='ocrx_word' id='word_1_102' title='bbox 2608 1583 2915 1666; x_wconf 86' lang='lat' dir='ltr'>pertinet:</span> <span class='ocrx_word' id='word_1_103' title='bbox 2985 1582 3121 1663; x_wconf 74' lang='lat' dir='ltr'>[eye</span> 
     </span>
     <span class='ocr_line' id='line_1_13' title="bbox 774 1683 3119 1771; baseline -0.001 -24"><span class='ocrx_word' id='word_1_104' title='bbox 774 1685 1093 1748; x_wconf 77' lang='lat' dir='ltr'>hieronica</span> <span class='ocrx_word' id='word_1_105' title='bbox 1136 1706 1427 1749; x_wconf 79' lang='lat' dir='ltr'>numerus</span> <span class='ocrx_word' id='word_1_106' title='bbox 1469 1697 1794 1750; x_wconf 76' lang='lat' dir='ltr'>aratorum</span> <span class='ocrx_word' id='word_1_107' title='bbox 1839 1688 2168 1771; x_wconf 75' lang='lat' dir='ltr'>quotannis</span> <span class='ocrx_word' id='word_1_108' title='bbox 2210 1687 2381 1770; x_wconf 81' lang='lat' dir='ltr'>apud</span> <span class='ocrx_word' id='word_1_109' title='bbox 2432 1687 2834 1767; x_wconf 72' lang='lat' dir='ltr'>mayislratus</span> <span class='ocrx_word' id='word_1_110' title='bbox 2868 1683 3119 1768; x_wconf 75' lang='lat' dir='ltr'>publice</span> 
     </span>
     <span class='ocr_line' id='line_1_14' title="bbox 774 1785 3120 1871; baseline 0 -21"><span class='ocrx_word' id='word_1_111' title='bbox 774 1787 1212 1850; x_wconf 73' lang='lat' dir='ltr'>subscribitur:</span> <span class='ocrx_word' id='word_1_112' title='bbox 1273 1796 1465 1871; x_wconf 88' lang='lat' dir='ltr'>atque</span> <span class='ocrx_word' id='word_1_113' title='bbox 1520 1809 1602 1854; x_wconf 84' lang='lat' dir='ltr'>ex</span> <span class='ocrx_word' id='word_1_114' title='bbox 1668 1789 1982 1855; x_wconf 90' lang='lat' dir='ltr'>eiusmodi</span> <span class='ocrx_word' id='word_1_115' title='bbox 2045 1790 2284 1854; x_wconf 89' lang='lat' dir='ltr'>tabulis</span> <span class='ocrx_word' id='word_1_116' title='bbox 2353 1788 2691 1868; x_wconf 81' lang='lat' dir='ltr'>censoriis,</span> <span class='ocrx_word' id='word_1_117' title='bbox 2756 1788 2827 1851; x_wconf 92' lang='lat' dir='ltr'>in</span> <span class='ocrx_word' id='word_1_118' title='bbox 2887 1785 3120 1868; x_wconf 88' lang='lat' dir='ltr'>quibus</span> 
     </span>
     <span class='ocr_line' id='line_1_15' title="bbox 773 1887 3122 1973; baseline -0.001 -19"><span class='ocrx_word' id='word_1_119' title='bbox 773 1889 994 1955; x_wconf 92' lang='lat' dir='ltr'>titulus</span> <span class='ocrx_word' id='word_1_120' title='bbox 1035 1887 1255 1955; x_wconf 85' lang='lat' dir='ltr'>noster</span> <span class='ocrx_word' id='word_1_121' title='bbox 1294 1890 1630 1956; x_wconf 90' lang='lat' dir='ltr'>habendus</span> <span class='ocrx_word' id='word_1_122' title='bbox 1673 1911 1816 1956; x_wconf 90' lang='lat' dir='ltr'>esse</span> <span class='ocrx_word' id='word_1_123' title='bbox 1857 1891 2128 1973; x_wconf 85' lang='lat' dir='ltr'>videtur,</span> <span class='ocrx_word' id='word_1_124' title='bbox 2174 1891 2670 1973; x_wconf 89' lang='lat' dir='ltr'>subscriptiones</span> <span class='ocrx_word' id='word_1_125' title='bbox 2715 1890 2874 1954; x_wconf 92' lang='lat' dir='ltr'>istas</span> <span class='ocrx_word' id='word_1_126' title='bbox 2913 1887 3122 1952; x_wconf 84' lang='lat' dir='ltr'>factas</span> 
     </span>
     <span class='ocr_line' id='line_1_16' title="bbox 774 1989 3119 2075; baseline -0.002 -18"><span class='ocrx_word' id='word_1_127' title='bbox 774 2011 919 2057; x_wconf 91' lang='lat' dir='ltr'>esse</span> <span class='ocrx_word' id='word_1_128' title='bbox 960 1992 1297 2075; x_wconf 84' lang='lat' dir='ltr'>probabile</span> <span class='ocrx_word' id='word_1_129' title='bbox 1340 2000 1455 2058; x_wconf 91' lang='lat' dir='ltr'>est.</span> <span class='ocrx_word' id='word_1_130' title='bbox 1541 1992 1915 2058; x_wconf 87' lang='lat' dir='ltr'>Aratoribus</span> <span class='ocrx_word' id='word_1_131' title='bbox 1968 1993 2161 2075; x_wconf 90' lang='lat' dir='ltr'>igitur</span> <span class='ocrx_word' id='word_1_132' title='bbox 2213 1994 2297 2057; x_wconf 90' lang='lat' dir='ltr'>ab</span> <span class='ocrx_word' id='word_1_133' title='bbox 2354 1992 2743 2057; x_wconf 89' lang='lat' dir='ltr'>Acrensibus</span> <span class='ocrx_word' id='word_1_134' title='bbox 2799 1989 3119 2055; x_wconf 88' lang='lat' dir='ltr'>aedilibus</span> 
     </span>
     <span class='ocr_line' id='line_1_17' title="bbox 777 2094 3124 2178; baseline -0.001 -21"><span class='ocrx_word' id='word_1_135' title='bbox 777 2099 843 2157; x_wconf 91' lang='lat' dir='ltr'>et</span> <span class='ocrx_word' id='word_1_136' title='bbox 901 2094 1269 2159; x_wconf 90' lang='lat' dir='ltr'>censoribus</span> <span class='ocrx_word' id='word_1_137' title='bbox 1323 2096 1392 2159; x_wconf 93' lang='lat' dir='ltr'>in</span> <span class='ocrx_word' id='word_1_138' title='bbox 1446 2102 1685 2160; x_wconf 91' lang='lat' dir='ltr'>certum</span> <span class='ocrx_word' id='word_1_139' title='bbox 1743 2102 1994 2178; x_wconf 90' lang='lat' dir='ltr'>tempus</span> <span class='ocrx_word' id='word_1_140' title='bbox 2050 2116 2201 2178; x_wconf 87' lang='lat' dir='ltr'>pars</span> <span class='ocrx_word' id='word_1_141' title='bbox 2257 2097 2396 2177; x_wconf 87' lang='lat' dir='ltr'>agri</span> <span class='ocrx_word' id='word_1_142' title='bbox 2451 2094 2691 2178; x_wconf 89' lang='lat' dir='ltr'>publici</span> <span class='ocrx_word' id='word_1_143' title='bbox 2746 2094 2960 2157; x_wconf 88' lang='lat' dir='ltr'>locata</span> <span class='ocrx_word' id='word_1_144' title='bbox 3019 2097 3124 2156; x_wconf 83' lang='lat' dir='ltr'>est</span> 
     </span>
     <span class='ocr_line' id='line_1_18' title="bbox 775 2195 3113 2279; baseline -0 -20"><span class='ocrx_word' id='word_1_145' title='bbox 775 2195 893 2260; x_wconf 91' lang='lat' dir='ltr'>sub</span> <span class='ocrx_word' id='word_1_146' title='bbox 940 2214 1018 2260; x_wconf 89' lang='lat' dir='ltr'>ea</span> <span class='ocrx_word' id='word_1_147' title='bbox 1059 2196 1451 2279; x_wconf 90' lang='lat' dir='ltr'>condicione,</span> <span class='ocrx_word' id='word_1_148' title='bbox 1494 2204 1563 2262; x_wconf 93' lang='lat' dir='ltr'>ut</span> <span class='ocrx_word' id='word_1_149' title='bbox 1607 2204 1671 2261; x_wconf 93' lang='lat' dir='ltr'>et</span> <span class='ocrx_word' id='word_1_150' title='bbox 1714 2196 2016 2262; x_wconf 85' lang='lat' dir='ltr'>decumas</span> <span class='ocrx_word' id='word_1_151' title='bbox 2058 2198 2407 2263; x_wconf 90' lang='lat' dir='ltr'>secundum</span> <span class='ocrx_word' id='word_1_152' title='bbox 2450 2198 2660 2278; x_wconf 90' lang='lat' dir='ltr'>legem</span> <span class='ocrx_word' id='word_1_153' title='bbox 2702 2195 3113 2274; x_wconf 89' lang='lat' dir='ltr'>hieronicam,</span> 
     </span>
     <span class='ocr_line' id='line_1_19' title="bbox 780 2298 3121 2383; baseline -0 -23"><span class='ocrx_word' id='word_1_154' title='bbox 780 2316 945 2378; x_wconf 89' lang='lat' dir='ltr'>quae</span> <span class='ocrx_word' id='word_1_155' title='bbox 1009 2298 1438 2363; x_wconf 88' lang='lat' dir='ltr'>Romanorum</span> <span class='ocrx_word' id='word_1_156' title='bbox 1503 2300 1895 2383; x_wconf 89' lang='lat' dir='ltr'>temporibus</span> <span class='ocrx_word' id='word_1_157' title='bbox 1957 2300 2027 2364; x_wconf 95' lang='lat' dir='ltr'>in</span> <span class='ocrx_word' id='word_1_158' title='bbox 2089 2320 2273 2364; x_wconf 89' lang='lat' dir='ltr'>usum</span> <span class='ocrx_word' id='word_1_159' title='bbox 2346 2298 2741 2382; x_wconf 89' lang='lat' dir='ltr'>reipublicae</span> <span class='ocrx_word' id='word_1_160' title='bbox 2811 2315 3121 2361; x_wconf 86' lang='lat' dir='ltr'>romanae</span> 
     </span>
     <span class='ocr_line' id='line_1_20' title="bbox 774 2397 3114 2485; baseline 0 -22"><span class='ocrx_word' id='word_1_161' title='bbox 774 2398 1240 2482; x_wconf 85' lang='lat' dir='ltr'>vendebantur,</span> <span class='ocrx_word' id='word_1_162' title='bbox 1286 2407 1350 2466; x_wconf 91' lang='lat' dir='ltr'>et</span> <span class='ocrx_word' id='word_1_163' title='bbox 1391 2401 1729 2466; x_wconf 89' lang='lat' dir='ltr'>locationis</span> <span class='ocrx_word' id='word_1_164' title='bbox 1771 2408 2027 2485; x_wconf 89' lang='lat' dir='ltr'>pactum</span> <span class='ocrx_word' id='word_1_165' title='bbox 2069 2402 2340 2484; x_wconf 91' lang='lat' dir='ltr'>pretium</span> <span class='ocrx_word' id='word_1_166' title='bbox 2384 2400 2876 2466; x_wconf 86' lang='lat' dir='ltr'>contribuerent.</span> <span class='ocrx_word' id='word_1_167' title='bbox 2962 2397 3114 2463; x_wconf 64' lang='lat' dir='ltr'>Arae</span> 
     </span>
     <span class='ocr_line' id='line_1_21' title="bbox 777 2500 3119 2585; baseline -0.001 -20"><span class='ocrx_word' id='word_1_168' title='bbox 777 2507 947 2566; x_wconf 92' lang='lat' dir='ltr'>tores</span> <span class='ocrx_word' id='word_1_169' title='bbox 990 2508 1202 2566; x_wconf 87' lang='lat' dir='ltr'>autem</span> <span class='ocrx_word' id='word_1_170' title='bbox 1243 2523 1376 2566; x_wconf 88' lang='lat' dir='ltr'>non</span> <span class='ocrx_word' id='word_1_171' title='bbox 1404 2503 1608 2567; x_wconf 91' lang='lat' dir='ltr'>solum</span> <span class='ocrx_word' id='word_1_172' title='bbox 1649 2510 1799 2568; x_wconf 92' lang='lat' dir='ltr'>sunt</span> <span class='ocrx_word' id='word_1_173' title='bbox 1825 2503 2158 2585; x_wconf 89' lang='lat' dir='ltr'>Acrenses,</span> <span class='ocrx_word' id='word_1_174' title='bbox 2204 2503 2321 2569; x_wconf 89' lang='lat' dir='ltr'>sed</span> <span class='ocrx_word' id='word_1_175' title='bbox 2350 2502 2542 2568; x_wconf 86' lang='lat' dir='ltr'>etiam</span> <span class='ocrx_word' id='word_1_176' title='bbox 2574 2522 2654 2567; x_wconf 84' lang='lat' dir='ltr'>ex</span> <span class='ocrx_word' id='word_1_177' title='bbox 2684 2502 2831 2566; x_wconf 90' lang='lat' dir='ltr'>aliis</span> <span class='ocrx_word' id='word_1_178' title='bbox 2861 2500 3119 2566; x_wconf 88' lang='lat' dir='ltr'>Siciliae</span> 
     </span>
     <span class='ocr_line' id='line_1_22' title="bbox 776 2598 3113 2690; baseline -0.002 -20"><span class='ocrx_word' id='word_1_179' title='bbox 776 2604 1042 2670; x_wconf 87' lang='lat' dir='ltr'>urbibus</span> <span class='ocrx_word' id='word_1_180' title='bbox 1084 2611 1155 2669; x_wconf 92' lang='lat' dir='ltr'>ut</span> <span class='ocrx_word' id='word_1_181' title='bbox 1199 2603 1489 2670; x_wconf 87' lang='lat' dir='ltr'>divinare</span> <span class='ocrx_word' id='word_1_182' title='bbox 1530 2606 1680 2672; x_wconf 91' lang='lat' dir='ltr'>licet</span> <span class='ocrx_word' id='word_1_183' title='bbox 1722 2627 1805 2673; x_wconf 84' lang='lat' dir='ltr'>ex</span> <span class='ocrx_word' id='word_1_184' title='bbox 1846 2606 2347 2690; x_wconf 83' lang='lat' dir='ltr'>cognominibus.</span> <span class='ocrx_word' id='word_1_185' title='bbox 2411 2603 2518 2670; x_wconf 92' lang='lat' dir='ltr'>Sic</span> <span class='ocrx_word' id='word_1_186' title='bbox 2547 2604 2667 2685; x_wconf 92' lang='lat' dir='ltr'>III,</span> <span class='ocrx_word' id='word_1_187' title='bbox 2701 2607 2738 2668; x_wconf 90' lang='lat'><strong>3</strong></span> <span class='ocrx_word' id='word_1_188' title='bbox 2775 2598 3113 2685; x_wconf 78' lang='grc' dir='ltr'><strong><em>Φιλωνίὸᾳ</em></strong></span> 
     </span>
     <span class='ocr_line' id='line_1_23' title="bbox 786 2704 3119 2790; baseline 0 -21"><span class='ocrx_word' id='word_1_189' title='bbox 786 2704 1127 2769; x_wconf 79' lang='grc' dir='ltr'><strong><em>Φιλωνίδα</em></strong></span> <span class='ocrx_word' id='word_1_190' title='bbox 1158 2709 1560 2790; x_wconf 77' lang='grc' dir='ltr'><strong><em>Μορφιανῷ,</em></strong></span> <span class='ocrx_word' id='word_1_191' title='bbox 1609 2709 1715 2790; x_wconf 91' lang='lat' dir='ltr'>qui</span> <span class='ocrx_word' id='word_1_192' title='bbox 1744 2708 1918 2773; x_wconf 91' lang='lat' dir='ltr'>unde</span> <span class='ocrx_word' id='word_1_193' title='bbox 1948 2717 2119 2773; x_wconf 90' lang='lat' dir='ltr'>ortus</span> <span class='ocrx_word' id='word_1_194' title='bbox 2147 2708 2231 2774; x_wconf 87' lang='lat' dir='ltr'>sit</span> <span class='ocrx_word' id='word_1_195' title='bbox 2257 2708 2505 2789; x_wconf 72' lang='lat' dir='ltr'>nescio,</span> <span class='ocrx_word' id='word_1_196' title='bbox 2549 2714 2767 2772; x_wconf 87' lang='lat' dir='ltr'>tamen</span> <span class='ocrx_word' id='word_1_197' title='bbox 2797 2705 3119 2788; x_wconf 86' lang='lat' dir='ltr'>pertinere</span> 
     </span>
     <span class='ocr_line' id='line_1_24' title="bbox 779 2807 3119 2893; baseline -0.002 -18"><span class='ocrx_word' id='word_1_198' title='bbox 779 2810 902 2875; x_wconf 88' lang='lat' dir='ltr'>hoc</span> <span class='ocrx_word' id='word_1_199' title='bbox 929 2828 1167 2874; x_wconf 92' lang='lat' dir='ltr'>nomen</span> <span class='ocrx_word' id='word_1_200' title='bbox 1194 2808 1281 2873; x_wconf 89' lang='lat' dir='ltr'>ad</span> <span class='ocrx_word' id='word_1_201' title='bbox 1313 2810 1617 2893; x_wconf 90' lang='lat' dir='ltr'>oppidum</span> <span class='ocrx_word' id='word_1_202' title='bbox 1646 2810 1908 2892; x_wconf 89' lang='lat' dir='ltr'>aliquod</span> <span class='ocrx_word' id='word_1_203' title='bbox 1931 2811 2203 2890; x_wconf 86' lang='lat' dir='ltr'>Siciliae,</span> <span class='ocrx_word' id='word_1_204' title='bbox 2236 2830 2406 2874; x_wconf 89' lang='lat' dir='ltr'>nunc</span> <span class='ocrx_word' id='word_1_205' title='bbox 2427 2807 2684 2891; x_wconf 92' lang='lat' dir='ltr'>quidem</span> <span class='ocrx_word' id='word_1_206' title='bbox 2703 2808 3119 2890; x_wconf 79' lang='lat' dir='ltr'>incognitum,</span> 
     </span>
     <span class='ocr_line' id='line_1_25' title="bbox 780 2904 3112 2996; baseline -0.003 -19"><span class='ocrx_word' id='word_1_207' title='bbox 780 2932 912 2977; x_wconf 88' lang='grc'><strong>11011</strong></span> <span class='ocrx_word' id='word_1_208' title='bbox 955 2918 1167 2995; x_wconf 78' lang='lat' dir='ltr'>potest</span> <span class='ocrx_word' id='word_1_209' title='bbox 1211 2910 1520 2993; x_wconf 86' lang='lat' dir='ltr'>dubitari,</span> <span class='ocrx_word' id='word_1_210' title='bbox 1582 2913 1700 2993; x_wconf 92' lang='lat' dir='ltr'>III,</span> <span class='ocrx_word' id='word_1_211' title='bbox 1752 2916 1786 2976; x_wconf 93' lang='lat'><strong>7</strong></span> <span class='ocrx_word' id='word_1_212' title='bbox 1844 2934 1960 2996; x_wconf 89' lang='lat' dir='ltr'>pro</span> <span class='ocrx_word' id='word_1_213' title='bbox 1997 2906 2460 2994; x_wconf 82' lang='grc' dir='ltr'><strong><em>Ἀρτεμιδώρῳ</em></strong></span> <span class='ocrx_word' id='word_1_214' title='bbox 2498 2904 2883 2991; x_wconf 82' lang='grc' dir='ltr'><strong><em>Ἡρακλείου</em></strong></span> <span class='ocrx_word' id='word_1_215' title='bbox 2927 2914 3112 2990; x_wconf 84' lang='grc' dir='ltr'><strong>Μαβ.</strong></span> 
     </span>
     <span class='ocr_line' id='line_1_26' title="bbox 778 3006 3120 3095; baseline -0.001 -16"><span class='ocrx_word' id='word_1_216' title='bbox 778 3013 918 3079; x_wconf 91' lang='lat' dir='ltr'>sine</span> <span class='ocrx_word' id='word_1_217' title='bbox 963 3013 1156 3079; x_wconf 90' lang='lat' dir='ltr'>dubio</span> <span class='ocrx_word' id='word_1_218' title='bbox 1198 3013 1540 3095; x_wconf 89' lang='lat' dir='ltr'>legendum</span> <span class='ocrx_word' id='word_1_219' title='bbox 1586 3021 1721 3079; x_wconf 89' lang='lat' dir='ltr'>erat</span> <span class='ocrx_word' id='word_1_220' title='bbox 1760 3006 1855 3076; x_wconf 79' lang='grc' dir='ltr'>Ἀ.</span> <span class='ocrx_word' id='word_1_221' title='bbox 1908 3008 2002 3078; x_wconf 89' lang='grc' dir='ltr'>Ἡ.</span> <span class='ocrx_word' id='word_1_222' title='bbox 2049 3019 2230 3077; x_wconf 85' lang='grc' dir='ltr'><strong>Μακ.</strong></span> <span class='ocrx_word' id='word_1_223' title='bbox 2287 3012 2404 3078; x_wconf 88' lang='lat' dir='ltr'>fuit</span> <span class='ocrx_word' id='word_1_224' title='bbox 2444 3013 2637 3095; x_wconf 89' lang='lat' dir='ltr'>igitur</span> <span class='ocrx_word' id='word_1_225' title='bbox 2678 3012 3120 3094; x_wconf 72' lang='lat' dir='ltr'>Macellensis3</span> 
     </span>
     <span class='ocr_line' id='line_1_27' title="bbox 779 3107 3115 3200; baseline -0.001 -21"><span class='ocrx_word' id='word_1_226' title='bbox 779 3116 898 3195; x_wconf 89' lang='lat' dir='ltr'>III,</span> <span class='ocrx_word' id='word_1_227' title='bbox 953 3119 1028 3180; x_wconf 85' lang='lat'>16</span> <span class='ocrx_word' id='word_1_228' title='bbox 1071 3115 1140 3179; x_wconf 86' lang='lat' dir='ltr'>in</span> <span class='ocrx_word' id='word_1_229' title='bbox 1182 3113 1448 3198; x_wconf 76' lang='grc' dir='ltr'><strong><em>Σιμύλῳ</em></strong></span> <span class='ocrx_word' id='word_1_230' title='bbox 1492 3109 1775 3191; x_wconf 80' lang='grc' dir='ltr'><strong><em>Εὖκλέος</em></strong></span> <span class='ocrx_word' id='word_1_231' title='bbox 1820 3122 1980 3200; x_wconf 82' lang='grc' dir='ltr'><strong>Νητ.</strong></span> <span class='ocrx_word' id='word_1_232' title='bbox 2052 3116 2374 3197; x_wconf 86' lang='lat' dir='ltr'>Netinum,</span> <span class='ocrx_word' id='word_1_233' title='bbox 2420 3116 2538 3196; x_wconf 93' lang='lat' dir='ltr'>III,</span> <span class='ocrx_word' id='word_1_234' title='bbox 2587 3119 2688 3179; x_wconf 83' lang='lat'>20.</span> <span class='ocrx_word' id='word_1_235' title='bbox 2727 3107 3115 3196; x_wconf 80' lang='grc' dir='ltr'><strong><em>Ἡρακλείδᾳ</em></strong></span> 
     </span>
     <span class='ocr_line' id='line_1_28' title="bbox 773 3208 3110 3300; baseline 0 -23"><span class='ocrx_word' id='word_1_236' title='bbox 773 3208 1164 3295; x_wconf 80' lang='grc' dir='ltr'><strong><em>Ἡρακλείόα</em></strong></span> <span class='ocrx_word' id='word_1_237' title='bbox 1207 3221 1312 3281; x_wconf 74' lang='lat' dir='ltr'>He</span> <span class='ocrx_word' id='word_1_238' title='bbox 1355 3218 1696 3294; x_wconf 76' lang='lat' dir='ltr'>Petrinum,</span> <span class='ocrx_word' id='word_1_239' title='bbox 1744 3218 1877 3298; x_wconf 87' lang='lat' dir='ltr'>III,</span> <span class='ocrx_word' id='word_1_240' title='bbox 1925 3222 2025 3283; x_wconf 88' lang='lat'>37.</span> <span class='ocrx_word' id='word_1_241' title='bbox 2105 3211 2463 3300; x_wconf 55' lang='lat' dir='ltr'>‘Hpanstslqo</span> <span class='ocrx_word' id='word_1_242' title='bbox 2518 3220 2878 3280; x_wconf 81' lang='grc' dir='ltr'><strong><em>Διονυσίου</em></strong></span> <span class='ocrx_word' id='word_1_243' title='bbox 2932 3209 3110 3294; x_wconf 84' lang='grc' dir='ltr'>Ἡρα.</span> 
     </span>
     <span class='ocr_line' id='line_1_29' title="bbox 779 3317 3115 3402; baseline -0 -20"><span class='ocrx_word' id='word_1_244' title='bbox 779 3317 1261 3383; x_wconf 87' lang='lat' dir='ltr'>Heracliensem</span> <span class='ocrx_word' id='word_1_245' title='bbox 1317 3319 1459 3401; x_wconf 89' lang='lat' dir='ltr'>quis</span> <span class='ocrx_word' id='word_1_246' title='bbox 1516 3327 1611 3385; x_wconf 90' lang='lat' dir='ltr'>est</span> <span class='ocrx_word' id='word_1_247' title='bbox 1675 3321 1785 3402; x_wconf 89' lang='lat' dir='ltr'>qui</span> <span class='ocrx_word' id='word_1_248' title='bbox 1837 3340 1967 3385; x_wconf 93' lang='lat' dir='ltr'>non</span> <span class='ocrx_word' id='word_1_249' title='bbox 2021 3320 2375 3402; x_wconf 79' lang='lat' dir='ltr'>agnoscat?</span> <span class='ocrx_word' id='word_1_250' title='bbox 2440 3320 2540 3384; x_wconf 95' lang='lat' dir='ltr'>III</span> <span class='ocrx_word' id='word_1_251' title='bbox 2557 3367 2573 3400; x_wconf 92' lang='lat'>,</span> <span class='ocrx_word' id='word_1_252' title='bbox 2634 3322 2714 3383; x_wconf 87' lang='grc'>34</span> <span class='ocrx_word' id='word_1_253' title='bbox 2771 3317 3115 3399; x_wconf 89' lang='lat' dir='ltr'>legendum</span> 
     </span>
     <span class='ocr_line' id='line_1_30' title="bbox 780 3413 3123 3505; baseline 0 -22"><span class='ocrx_word' id='word_1_254' title='bbox 780 3438 923 3484; x_wconf 75' lang='lat' dir='ltr'>esse</span> <span class='ocrx_word' id='word_1_255' title='bbox 965 3418 1221 3484; x_wconf 81' lang='lat' dir='ltr'>Videtur</span> <span class='ocrx_word' id='word_1_256' title='bbox 1255 3413 1633 3503; x_wconf 77' lang='grc' dir='ltr'><strong><em>Ἀρχεδάμῳ</em></strong></span> <span class='ocrx_word' id='word_1_257' title='bbox 1676 3414 2074 3502; x_wconf 79' lang='grc' dir='ltr'>Ἀβακαινεῖ.</span> <span class='ocrx_word' id='word_1_258' title='bbox 2132 3423 2210 3487; x_wconf 86' lang='lat' dir='ltr'>In</span> <span class='ocrx_word' id='word_1_259' title='bbox 2249 3422 2406 3505; x_wconf 78' lang='lat' dir='ltr'>ipsis</span> <span class='ocrx_word' id='word_1_260' title='bbox 2435 3422 2709 3486; x_wconf 87' lang='lat' dir='ltr'>Virorum</span> <span class='ocrx_word' id='word_1_261' title='bbox 2753 3420 3123 3485; x_wconf 75' lang='lat' dir='ltr'>nominibus</span> 
     </span>
     <span class='ocr_line' id='line_1_31' title="bbox 778 3520 3121 3607; baseline 0 -23"><span class='ocrx_word' id='word_1_262' title='bbox 778 3520 1133 3585; x_wconf 89' lang='lat' dir='ltr'>notandum</span> <span class='ocrx_word' id='word_1_263' title='bbox 1176 3529 1273 3587; x_wconf 92' lang='lat' dir='ltr'>est</span> <span class='ocrx_word' id='word_1_264' title='bbox 1313 3522 1583 3606; x_wconf 91' lang='lat' dir='ltr'>primum</span> <span class='ocrx_word' id='word_1_265' title='bbox 1612 3524 1883 3605; x_wconf 91' lang='lat' dir='ltr'>Posidis,</span> <span class='ocrx_word' id='word_1_266' title='bbox 1930 3524 2098 3606; x_wconf 92' lang='lat' dir='ltr'>quod</span> <span class='ocrx_word' id='word_1_267' title='bbox 2139 3526 2373 3607; x_wconf 91' lang='lat' dir='ltr'>legitur</span> <span class='ocrx_word' id='word_1_268' title='bbox 2414 3524 2464 3605; x_wconf 94' lang='lat' dir='ltr'>I,</span> <span class='ocrx_word' id='word_1_269' title='bbox 2517 3528 2570 3588; x_wconf 91' lang='lat'>1.</span> <span class='ocrx_word' id='word_1_270' title='bbox 2614 3524 2733 3603; x_wconf 93' lang='grc' dir='ltr'>ΙΙΙ,</span> <span class='ocrx_word' id='word_1_271' title='bbox 2784 3527 2881 3586; x_wconf 88' lang='grc'>14.</span> <span class='ocrx_word' id='word_1_272' title='bbox 2925 3528 3121 3604; x_wconf 89' lang='lat' dir='ltr'>atque</span> 
     </span>
     <span class='ocr_line' id='line_1_32' title="bbox 781 3620 3120 3706; baseline 0 -20"><span class='ocrx_word' id='word_1_273' title='bbox 781 3624 1292 3706; x_wconf 92' lang='lat' dir='ltr'>componendum</span> <span class='ocrx_word' id='word_1_274' title='bbox 1337 3645 1477 3689; x_wconf 90' lang='lat' dir='ltr'>cum</span> <span class='ocrx_word' id='word_1_275' title='bbox 1506 3620 1778 3706; x_wconf 84' lang='grc' dir='ltr'><strong><em>Ἕλωρις</em></strong></span> <span class='ocrx_word' id='word_1_276' title='bbox 1821 3627 1905 3706; x_wconf 91' lang='grc' dir='ltr'>ΙΙ,</span> <span class='ocrx_word' id='word_1_277' title='bbox 1954 3631 2012 3691; x_wconf 88' lang='grc'>8.</span> <span class='ocrx_word' id='word_1_278' title='bbox 2059 3633 2122 3691; x_wconf 92' lang='lat' dir='ltr'>et</span> <span class='ocrx_word' id='word_1_279' title='bbox 2163 3629 2380 3701; x_wconf 78' lang='grc' dir='ltr'><strong><em>Σῶσις</em></strong></span> <span class='ocrx_word' id='word_1_280' title='bbox 2424 3628 2474 3706; x_wconf 93' lang='grc' dir='ltr'>Ι,</span> <span class='ocrx_word' id='word_1_281' title='bbox 2523 3630 2581 3691; x_wconf 89' lang='grc'>8.</span> <span class='ocrx_word' id='word_1_282' title='bbox 2625 3629 2684 3689; x_wconf 85' lang='grc'>9.</span> <span class='ocrx_word' id='word_1_283' title='bbox 2730 3626 2814 3706; x_wconf 92' lang='grc' dir='ltr'>ΙΙ,</span> <span class='ocrx_word' id='word_1_284' title='bbox 2867 3630 2964 3689; x_wconf 91' lang='grc'>11.</span> <span class='ocrx_word' id='word_1_285' title='bbox 2996 3629 3120 3689; x_wconf 83' lang='lat' dir='ltr'>cet.</span> 
     </span>
     <span class='ocr_line' id='line_1_33' title="bbox 779 3722 3113 3812; baseline 0 -24"><span class='ocrx_word' id='word_1_286' title='bbox 779 3722 968 3789; x_wconf 89' lang='lat' dir='ltr'>Idem·</span> <span class='ocrx_word' id='word_1_287' title='bbox 1004 3725 1255 3792; x_wconf 91' lang='lat' dir='ltr'>Posidis</span> <span class='ocrx_word' id='word_1_288' title='bbox 1296 3747 1531 3792; x_wconf 92' lang='lat' dir='ltr'>nomen</span> <span class='ocrx_word' id='word_1_289' title='bbox 1574 3729 2002 3794; x_wconf 89' lang='lat' dir='ltr'>oblitteratum</span> <span class='ocrx_word' id='word_1_290' title='bbox 2047 3735 2145 3794; x_wconf 91' lang='lat' dir='ltr'>est</span> <span class='ocrx_word' id='word_1_291' title='bbox 2185 3728 2358 3812; x_wconf 91' lang='lat' dir='ltr'>apud</span> <span class='ocrx_word' id='word_1_292' title='bbox 2389 3728 2600 3793; x_wconf 78' lang='lat' dir='ltr'>Cicer.</span> <span class='ocrx_word' id='word_1_293' title='bbox 2645 3727 2824 3792; x_wconf 85' lang='lat' dir='ltr'>Verr.</span> <span class='ocrx_word' id='word_1_294' title='bbox 2870 3727 2990 3808; x_wconf 94' lang='lat' dir='ltr'>III,</span> <span class='ocrx_word' id='word_1_295' title='bbox 3033 3729 3113 3789; x_wconf 82' lang='lat'>42</span> 
     </span>
     <span class='ocr_line' id='line_1_34' title="bbox 779 3827 3121 3915; baseline -0.001 -21"><span class='ocrx_word' id='word_1_296' title='bbox 779 3827 892 3894; x_wconf 88' lang='lat' dir='ltr'>ubi</span> <span class='ocrx_word' id='word_1_297' title='bbox 932 3827 1221 3910; x_wconf 88' lang='lat' dir='ltr'>plerique</span> <span class='ocrx_word' id='word_1_298' title='bbox 1264 3828 1513 3895; x_wconf 90' lang='lat' dir='ltr'>codices</span> <span class='ocrx_word' id='word_1_299' title='bbox 1553 3831 1794 3895; x_wconf 90' lang='lat' dir='ltr'>habent</span> <span class='ocrx_word' id='word_1_300' title='bbox 1835 3830 2209 3915; x_wconf 82' lang='lat' dir='ltr'>Posidorus3</span> <span class='ocrx_word' id='word_1_301' title='bbox 2270 3851 2421 3896; x_wconf 89' lang='lat' dir='ltr'>nam</span> <span class='ocrx_word' id='word_1_302' title='bbox 2476 3831 2678 3893; x_wconf 89' lang='lat' dir='ltr'>multa</span> <span class='ocrx_word' id='word_1_303' title='bbox 2733 3848 2949 3894; x_wconf 89' lang='lat' dir='ltr'>eorum</span> <span class='ocrx_word' id='word_1_304' title='bbox 3006 3848 3121 3892; x_wconf 84' lang='lat' dir='ltr'>no·</span> 
     </span>
     <span class='ocr_line' id='line_1_35' title="bbox 781 3928 3122 4015; baseline 0.001 -23"><span class='ocrx_word' id='word_1_305' title='bbox 781 3928 1026 3993; x_wconf 92' lang='lat' dir='ltr'>minum</span> <span class='ocrx_word' id='word_1_306' title='bbox 1067 3929 1138 3994; x_wconf 91' lang='lat' dir='ltr'>in</span> <span class='ocrx_word' id='word_1_307' title='bbox 1180 3930 1401 3996; x_wconf 84' lang='lat' dir='ltr'>Sicilia</span> <span class='ocrx_word' id='word_1_308' title='bbox 1452 3933 1809 4015; x_wconf 84' lang='lat' dir='ltr'>vulgarium</span> <span class='ocrx_word' id='word_1_309' title='bbox 1866 3940 2437 3998; x_wconf 87' lang='lat' dir='ltr'>commemorantur</span> <span class='ocrx_word' id='word_1_310' title='bbox 2494 3932 2684 3997; x_wconf 85' lang='lat' dir='ltr'>etiam</span> <span class='ocrx_word' id='word_1_311' title='bbox 2728 3952 2769 3995; x_wconf 92' lang='lat' dir='ltr'>a</span> <span class='ocrx_word' id='word_1_312' title='bbox 2812 3930 3122 3996; x_wconf 81' lang='lat' dir='ltr'>Cicerone-</span> 
     </span>
     <span class='ocr_line' id='line_1_36' title="bbox 779 4027 3121 4119; baseline 0 -25"><span class='ocrx_word' id='word_1_313' title='bbox 779 4030 849 4094; x_wconf 90' lang='grc'>111</span> <span class='ocrx_word' id='word_1_314' title='bbox 893 4030 1197 4097; x_wconf 74' lang='lat' dir='ltr'>verrinis.</span> <span class='ocrx_word' id='word_1_315' title='bbox 1243 4033 1362 4115; x_wconf 91' lang='lat' dir='ltr'>III,</span> <span class='ocrx_word' id='word_1_316' title='bbox 1414 4037 1488 4099; x_wconf 88' lang='lat'>18</span> <span class='ocrx_word' id='word_1_317' title='bbox 1526 4027 2012 4118; x_wconf 81' lang='grc' dir='ltr'><strong><em>Ἀριστόγειτος</em></strong></span> <span class='ocrx_word' id='word_1_318' title='bbox 2051 4035 2286 4119; x_wconf 82' lang='lat' dir='ltr'>legitur</span> <span class='ocrx_word' id='word_1_319' title='bbox 2325 4035 2478 4099; x_wconf 84' lang='lat' dir='ltr'>item</span> <span class='ocrx_word' id='word_1_320' title='bbox 2507 4034 2592 4110; x_wconf 90' lang='lat' dir='ltr'>H,</span> <span class='ocrx_word' id='word_1_321' title='bbox 2627 4037 2685 4097; x_wconf 78' lang='lat'>6.</span> <span class='ocrx_word' id='word_1_322' title='bbox 2747 4032 2899 4097; x_wconf 86' lang='lat' dir='ltr'>Noli</span> <span class='ocrx_word' id='word_1_323' title='bbox 2925 4032 3121 4115; x_wconf 82' lang='lat' dir='ltr'>igitur</span> 
     </span>
     <span class='ocr_line' id='line_1_37' title="bbox 775 4123 3113 4218; baseline 0.001 -24"><span class='ocrx_word' id='word_1_324' title='bbox 775 4123 1295 4217; x_wconf 75' lang='grc' dir='ltr'><strong><em>Ἀριστογείτονι</em></strong></span> <span class='ocrx_word' id='word_1_325' title='bbox 1355 4136 1686 4218; x_wconf 84' lang='lat' dir='ltr'>corrigere.</span> <span class='ocrx_word' id='word_1_326' title='bbox 1775 4134 2108 4201; x_wconf 84' lang='lat' dir='ltr'>Difficilior</span> <span class='ocrx_word' id='word_1_327' title='bbox 2163 4157 2265 4202; x_wconf 88' lang='lat' dir='ltr'>res</span> <span class='ocrx_word' id='word_1_328' title='bbox 2322 4142 2419 4201; x_wconf 90' lang='lat' dir='ltr'>est</span> <span class='ocrx_word' id='word_1_329' title='bbox 2479 4135 2560 4200; x_wconf 96' lang='lat' dir='ltr'>de</span> <span class='ocrx_word' id='word_1_330' title='bbox 2602 4135 2967 4218; x_wconf 85' lang='lat' dir='ltr'>regionibus</span> <span class='ocrx_word' id='word_1_331' title='bbox 3012 4155 3113 4199; x_wconf 84' lang='lat' dir='ltr'>ex-</span> 
     </span>
     <span class='ocr_line' id='line_1_38' title="bbox 781 4229 3111 4322; baseline -0 -23"><span class='ocrx_word' id='word_1_332' title='bbox 781 4255 1023 4320; x_wconf 90' lang='lat' dir='ltr'>ponere</span> <span class='ocrx_word' id='word_1_333' title='bbox 1066 4256 1331 4319; x_wconf 90' lang='lat' dir='ltr'>quarum</span> <span class='ocrx_word' id='word_1_334' title='bbox 1372 4238 1633 4303; x_wconf 85' lang='lat' dir='ltr'>nomina</span> <span class='ocrx_word' id='word_1_335' title='bbox 1673 4238 1864 4303; x_wconf 91' lang='lat' dir='ltr'>modo</span> <span class='ocrx_word' id='word_1_336' title='bbox 1909 4260 1951 4303; x_wconf 94' lang='lat' dir='ltr'>a</span> <span class='ocrx_word' id='word_1_337' title='bbox 1990 4238 2248 4322; x_wconf 87' lang='lat' dir='ltr'>templis</span> <span class='ocrx_word' id='word_1_338' title='bbox 2289 4243 2694 4322; x_wconf 89' lang='lat' dir='ltr'>repetuntur,</span> <span class='ocrx_word' id='word_1_339' title='bbox 2738 4244 2807 4301; x_wconf 93' lang='lat' dir='ltr'>ut</span> <span class='ocrx_word' id='word_1_340' title='bbox 2846 4229 2982 4301; x_wconf 72' lang='grc' dir='ltr'>ὑπὸ</span> <span class='ocrx_word' id='word_1_341' title='bbox 3039 4232 3111 4298; x_wconf 84' lang='grc' dir='ltr'>τὸ</span> 
     </span>
     <span class='ocr_line' id='line_1_39' title="bbox 774 4333 3119 4424; baseline 0.002 -24"><span class='ocrx_word' id='word_1_342' title='bbox 774 4337 1229 4422; x_wconf 76' lang='grc' dir='ltr'><strong><em>Ἀφροδίσιον,</em></strong></span> <span class='ocrx_word' id='word_1_343' title='bbox 1272 4333 1408 4401; x_wconf 77' lang='grc' dir='ltr'>ὑπὸ</span> <span class='ocrx_word' id='word_1_344' title='bbox 1451 4337 1527 4403; x_wconf 87' lang='grc' dir='ltr'>τὸ</span> <span class='ocrx_word' id='word_1_345' title='bbox 1573 4338 1872 4420; x_wconf 81' lang='grc' dir='ltr'><strong><em>Κύρειον,</em></strong></span> <span class='ocrx_word' id='word_1_346' title='bbox 1919 4338 2081 4404; x_wconf 78' lang='grc' dir='ltr'><strong><em>ποτὶ</em></strong></span> <span class='ocrx_word' id='word_1_347' title='bbox 2117 4333 2546 4424; x_wconf 80' lang='grc' dir='ltr'><strong><em>Ἀρτεμισίῳ,</em></strong></span> <span class='ocrx_word' id='word_1_348' title='bbox 2604 4339 2794 4404; x_wconf 85' lang='grc' dir='ltr'><strong>1110ἀο</strong></span> <span class='ocrx_word' id='word_1_349' title='bbox 2837 4339 2922 4404; x_wconf 82' lang='lat' dir='ltr'>ab</span> <span class='ocrx_word' id='word_1_350' title='bbox 2966 4339 3119 4404; x_wconf 74' lang='lat' dir='ltr'>aliis</span> 
     </span>
    </p>
   </div>
   <div class='ocr_carea' id='block_1_3' title="bbox 3453 933 3468 4046">
    <p class='ocr_par' dir='ltr' id='par_1_3' title="bbox 3453 933 3468 4046">
     <span class='ocr_line' id='line_1_40' title="bbox 3453 933 3468 4046; baseline 0 0"><span class='ocrx_word' id='word_1_351' title='bbox 3453 933 3468 4046; x_wconf 95' lang='lat' dir='ltr'> </span> 
     </span>
    </p>
   </div>
  </div>
 </body>
</html>
