3499 5219
1305 431 1870 494 —0—-285—

413 596 666 681 κισμός,
717 591 905 662 αὐτοὶ
953 595 1452 683 εἰσηγησάμενοι
1497 596 1573 661 τὸ
1615 600 1719 662 καὶ
1768 595 1836 663 ἐν
1880 599 2003 680 μιᾷ
2042 595 2208 674 λέξει
2237 595 2751 680 καταγίγνεσθαι

413 698 843 781 σολοικισμὸν
886 694 1118 764 -οὗκ
1165 698 1291 780 ἄρα
1350 694 1599 784 ἀληθὲς
1652 698 1729 762 τὸ
1792 698 1857 764 ἓν
1918 702 2040 785 μιᾷ
2100 698 2268 777 λέξει
2328 696 2752 781 σολοικισμόν

410 799 764 885 γίγνεσθαι
791 836 877 850 --
908 795 983 865 οὖ
1014 800 1135 885 γὰρ
1169 800 1580 881 σολοικισμοὶ
1615 795 1778 886 ἆκοῇ
1809 796 2312 866 ὑποπίπτουσιν
2346 800 2753 884 ἐλεγχόμενοι

417 905 484 970 ἐκ
517 906 631 988 τῆς
666 902 830 968 κατὰ
875 901 1256 984 παράθεσιν
1301 905 1432 966 τῶν
1478 902 1710 981 λέξεων
1758 901 2076 987 συνούσης
2121 896 2628 986 άκαταλληλί
2643 928 2750 980 ας.

411 1007 663 1072 Eodem
719 1008 996 1089 pertinet
1052 1012 1271 1070 auctor
1321 1006 1759 1071 commentarii
1816 1003 1971 1086 περὶ
2019 1001 2354 1080 σολοικίας
2410 1027 2472 1088 p.
2530 1009 2665 1071 197.
2712 1028 2752 1073 a

415 1108 848 1173 Valckenario
891 1107 1148 1173 additus
1179 1108 1543 1169 Ammonio:
1588 1103 1905 1170 Σολοικία
1951 1104 2125 1170 ἐστίν
2172 1099 2753 1190 ἀκατάλληλος

415 1208 627 1292 πλοκὴ
707 1211 837 1272 τῶν
912 1210 1029 1273 τοῦ
1100 1207 1293 1290 λόγου
1371 1210 1586 1290 μερῶν
1652 1207 1837 1290 παρὰ
1902 1206 2017 1292 τὴν
2085 1210 2215 1272 τῶν
2283 1207 2752 1294 ἑλληνιζόντων

413 1335 496 1374 σι·
505 1311 795 1397 νήθειαν.

584 1414 914 1496 Pergimus
958 1413 1045 1477 ad
1074 1413 1581 1495 originationem,
1630 1433 1821 1494 quam
1854 1411 2071 1479 Cicero
2119 1413 2272 1478 dicit
2312 1414 2750 1496 veriloquium,

419 1516 720 1580 vocabuli
777 1515 1155 1581 soloecismi.
1244 1515 1339 1579 Ac
1392 1514 1553 1579 nihil
1606 1514 1863 1596 quidem
1919 1515 1986 1580 in
2030 1516 2152 1580 hac
2194 1535 2263 1580 re
2316 1536 2434 1580 nos
2490 1515 2755 1580 adiuvat

411 1618 800 1682 vocabulum
842 1616 1169 1698 stm'bilv'qo,
1219 1637 1342 1698 quo
1371 1617 1684 1681 vocabulo
1715 1615 2062 1681 seeundum
2107 1618 2188 1680 A.
2228 1614 2494 1680 Gellium
2539 1618 2643 1696 (N.
2676 1619 2751 1682 A.

416 1719 493 1799 V,
541 1723 667 1796 20.)
712 1740 828 1803 pro
872 1738 1099 1801 graeco
1143 1718 1506 1781 soloecismo
1552 1717 1649 1783 usi
1693 1725 1841 1783 sunt
1883 1718 2272 1800 antiquiores
2303 1718 2537 1783 Latini.
2604 1719 2753 1801 Ipse

416 1821 667 1886 Gellius
711 1821 833 1885 hoe
876 1839 1110 1885 nomen
1144 1819 1400 1884 deducit
1442 1840 1483 1884 a
1524 1839 1756 1902 graeco
1802 1816 2149 1899 στρόβιλος
2192 1841 2233 1884 a
2274 1840 2536 1885 versura
2579 1812 2756 1886 videss

413 1923 564 1987 licet
621 1928 684 1987 et
750 1922 1067 2004 pravitate
1133 1928 1455 1987 tortuosae
1513 1921 1849 2009 orationiS,
1924 1928 2230 2004 tanquam
2288 1922 2751 2004 strobiliginem

416 2024 811 2106 (sterobiligo
855 2025 1005 2100 rec.)
1059 2024 1400 2106 quandam.
1490 2023 1752 2089 Sinnius
1794 2030 2006 2088 autem
2053 2023 2279 2107 Capito
2334 2024 2756 2107 imparilv'totrk

415 2145 575 2191 voce
619 2127 917 2191 utebatur
957 2146 1073 2209 pro
1117 2126 1519 2208 stm’bv‘lv’ffl‘ne3
1564 2125 1686 2189 hoc
1729 2132 1946 2190 antem
1987 2126 2073 2190 ad
2119 2118 2499 2204 ἀνωμαλίαν
2544 2126 2753 2209 potius

423 2228 715 2312 pertinet.
815 2229 1078 2293 Prorsus
1145 2229 1418 2293 ridicula
1493 2234 1589 2292 est
1642 2228 1925 2292 narratio
1983 2227 2292 2310 Diogenis
2349 2227 2586 2292 Laertii
2643 2224 2753 2291 vit.

417 2331 637 2395 Solon.
708 2330 772 2410 I,
839 2334 939 2392 51.
1008 2328 1162 2394 dicit
1227 2330 1397 2396 enim
1463 2330 1766 2395 Solonem
1831 2329 2350 2405 Atheniensem¹)
2415 2326 2753 2414 postquam

418 2431 723 2496 Croesum
789 2431 1194 2507 convenisset
1261 2432 1328 2496 in
1385 2430 1673 2496 Ciliciam
1738 2431 2049 2513 migrasse
2117 2430 2332 2512 ibique
2388 2429 2753 2497 condidisse

414 2532 725 2618 oppidum
770 2551 884 2597 suo
928 2532 1188 2598 nomine
1232 2533 1512 2617 „Soloe“
1559 2532 1797 2596 dictum
1852 2552 1974 2616 quo
2021 2552 2213 2615 quum
2273 2533 2517 2615 aliquot
2560 2533 2754 2598 etiam

417 2634 846 2700 Athenienses
892 2633 1282 2717 deduxisset,
1329 2637 1412 2702 ab
1458 2635 1559 2700 his
1604 2635 1862 2716 quidem
1894 2635 2130 2700 dictum
2177 2655 2320 2701 esse
2366 2632 2753 2714 σολοικίζειν

417 2736 591 2819 quod
632 2737 906 2820 patriam
950 2736 1237 2819 linguam
1292 2740 1359 2803 in
1405 2736 1743 2821 peregrina
1785 2738 2046 2819 regione
2102 2737 2575 2803 dedidicissent.
2663 2740 2756 2803 Ac

417 2838 649 2903 Strabo
706 2837 960 2919 quidem
1022 2837 1222 2918 (XIV,
1282 2858 1344 2921 p.
1394 2839 1562 2915 663.)
1621 2838 1850 2902 dubius
1907 2845 2005 2904 est
2057 2859 2141 2902 an
2187 2838 2573 2916 σολοικίζειν
2618 2861 2756 2923 per-

417 2940 623 3005 tineat
666 2939 751 3004 ad
795 2939 1158 3004 Solensium
1204 2931 1508 3022 oppidum
1553 2959 1940 3022 prorsusque
1983 2960 2200 3005 carere
2241 2939 2433 3021 illud,
2493 2941 2547 3005 si
2604 2941 2757 3007 inde

425 3041 766 3123 derivetur,
815 3042 1117 3124 analogia
1159 3047 1329 3107 recte
1372 3041 1618 3105 monuit
1660 3041 2024 3106 Lobeckius
2081 3041 2263 3105 Path.
2309 3062 2371 3125 p.
2420 3045 2597 3126 330.;
2662 3043 2755 3107 in-

415 3144 600 3208 colae
657 3143 826 3208 enim
886 3142 1110 3227 oppidi
1168 3141 1524 3207 Ciliciensis
1580 3162 1834 3226 semper
1887 3142 2039 3207 dicti
2095 3150 2242 3208 sunt
2285 3143 2531 3219 Σολεῖς.
2624 3144 2755 3210 Sed

416 3246 611 3327 longe
664 3244 1043 3329 ineptiorem
1100 3244 1588 3326 originationem
1645 3244 2085 3326 excogitarunt
2130 3243 2606 3311 Choeroboscus
2652 3246 2752 3311 ed.

417 3345 740 3411 Gaisford.
788 3347 871 3428 II,
919 3367 981 3429 p.
1014 3350 1095 3409 22
1140 3352 1204 3411 et
1250 3350 1400 3411 467:
1449 3340 1483 3407 ὃ
1514 3346 1630 3409 τοῦ
1664 3344 1841 3409 σώου
1875 3344 2069 3428 λόγου
2101 3343 2404 3426 αἰκισμός
2449 3353 2513 3411 et
2542 3348 2752 3431 Etym.

417 3449 501 3513 M.
549 3468 599 3512 S.
644 3468 705 3512 v.
795 3448 997 3530 Igitur
1039 3447 1302 3512 aliunde
1343 3448 1626 3530 petenda
1671 3454 1768 3513 est
1811 3447 2147 3530 originatio
2190 3448 2489 3512 vocabuli
2533 3448 2755 3512 σολοι-

418 3549 654 3626 κίζειν;
700 3550 869 3614 hanc
911 3556 1125 3614 autem
1168 3550 1254 3613 ad
1285 3546 1585 3612 σόλοικον
1630 3550 2011 3614 vocabulum
2054 3550 2373 3633 pertinere
2415 3557 2585 3616 recte
2627 3551 2754 3616 iam

415 3651 664 3715 monuit
744 3651 1195 3733 grammaticus
1272 3657 1417 3734 post
1478 3650 1885 3720 Ammonium
1946 3670 1987 3715 a
2052 3650 2482 3716 Valckenario
2548 3653 2755 3719 editus

419 3773 483 3835 p.
537 3754 675 3815 192.
722 3755 825 3817 93.
873 3752 1125 3834 λέγεται
1173 3751 1243 3815 δὲ
1289 3750 1711 3833 σολοικισμὸς
1757 3749 1905 3816 ἐπεὶ
1951 3746 2254 3815 σόλοικον
2284 3753 2387 3816 καὶ
2421 3751 2753 3839 βάρβαρον

421 3852 537 3936 τὴν
582 3849 935 3974 προᾳίοράν
982 3852 1128 3933 ἔχει,
1192 3848 1533 3929 σολοίκους
1588 3852 1659 3918 δὲ
1704 3851 1922 3935 ἔλεγον
1968 3850 2033 3917 οἱ
2078 3854 2353 3918 παλαιοὶ
2399 3853 2553 3931 τοὺς
2594 3863 2757 3938 βαρ-

417 3953 699 4078 βάρους·
748 3950 783 4017 ό
828 3953 950 4037 γὰρ
991 3948 1357 4037 Ἀνακρέων
1403 3954 1563 4039 φησὶ
1610 3951 1926 4039 κοίμησον
1973 3954 2044 4019 δὲ
2085 3953 2387 4018 σόλοικον
2421 3956 2753 4041 φθόγγον·

418 4081 526 4120 και
569 4049 905 4133 Ἱππῶναξ

558 4294 592 4357 ¹)
629 4293 691 4346 V.
730 4292 913 4343 Suidas
949 4309 993 4343 v.
1031 4288 1235 4341 Σόλων.
1315 4293 1389 4342 Ad
1426 4293 1659 4344 Solonem
1695 4293 1938 4343 Lindium
1987 4294 2080 4344 hoc
2129 4294 2381 4359 pertinere
2431 4296 2626 4345 monuit
2673 4296 2758 4346 ille

420 4378 514 4442 qui
550 4378 758 4442 scripsit
792 4376 950 4427 vitam
985 4378 1144 4427 Arati.
1214 4377 1275 4427 V.
1317 4376 1393 4426 W
1388 4379 1681 4430 ostermanni
1714 4375 2040 4448 Βιογράφοι
2074 4396 2121 4444 p.
2153 4382 2232 4430 57.
