3499 5219
1345 408 1909 469 —329—

452 574 737 660 pristinis
794 573 1281 637 Atheniensium
1341 574 1610 639 comitiis
1668 595 1709 638 a
1767 574 1996 656 quibus
2054 580 2302 638 tantum
2362 575 2807 647 abstinuerunt

455 684 760 760 quantum
816 676 1095 739 maxime
1150 677 1508 758 exspectari
1562 683 1812 759 poterat
1871 676 1951 739 ab
2008 675 2119 756 iis,
2188 676 2295 756 qui
2350 675 2809 742 dominationis

453 799 799 863 paucorum
855 784 1038 841 erant
1095 777 1542 842 studiosissimi
1593 782 1677 856 (v.
1733 777 2000 861 Lysiam
2059 796 2112 841 c.
2171 777 2473 859 Agoracr.
2532 799 2596 861 p.
2660 781 2799 856 134,

455 901 508 946 c.
566 879 886 945 Eratosth.
951 900 1013 960 p.
1067 882 1204 941 127.
1252 882 1378 952 28).
1481 878 1746 944 Constat
1800 879 1971 945 enim
2030 898 2111 943 ex
2167 879 2341 942 omni
2394 879 2804 945 multitudine

453 983 685 1046 civium
729 979 1204 1045 Atseniensium
1262 986 1571 1062 tyrannos
1625 980 1898 1062 elegisse
1940 980 2064 1044 tria
2104 980 2315 1060 milia,
2378 1000 2567 1063 quos,
2628 982 2801 1048 cives

456 1103 537 1150 ex
592 1083 882 1163 catalogo
940 1080 1177 1161 dictos,
1238 1081 1321 1146 de
1375 1082 1455 1147 iis
1498 1083 1689 1147 rebus
1735 1081 2082 1147 decernere
2123 1082 2474 1163 iusserunt,
2536 1102 2802 1164 quarum

455 1185 670 1250 odium
715 1203 756 1247 a
798 1202 870 1247 se
912 1190 1204 1248 avertere
1245 1184 1313 1247 in
1358 1184 1521 1249 alios
1563 1190 1890 1266 cuperent.
1993 1183 2156 1248 Tale
2200 1183 2535 1247 concilium
2581 1191 2803 1249 contra

453 1307 691 1351 morem
736 1285 1045 1349 maiorum
1091 1285 1293 1349 semel
1335 1291 1583 1349 tantum
1625 1285 1693 1349 in
1738 1283 2004 1365 Odeum,
2051 1306 2182 1349 non
2225 1284 2293 1355 in
2322 1285 2625 1368 Pnycem,
2671 1307 2803 1350 non

451 1390 518 1453 in
563 1387 1165 1465 theatrumBacchi,
1209 1394 1520 1450 vocarunt
1559 1387 1819 1469 tyranni
1849 1393 1934 1464 (v.
1964 1384 2380 1468 Xenophont.
2411 1387 2556 1452 hist.
2587 1407 2681 1469 gr.
2713 1388 2800 1469 ΙΙ,

453 1495 512 1572 4,
560 1493 619 1553 9.
678 1489 756 1572 τῇ
815 1481 879 1551 δ’
942 1482 1256 1571 ὑστεραίᾳ
1312 1485 1378 1562 ἐς
1435 1485 1510 1549 τὸ
1570 1480 1804 1569 ᾠδεῖον
1863 1485 2318 1570 παρεκάλεσαν
2375 1489 2529 1563 τοὺς
2587 1486 2654 1552 ἐν
2704 1490 2798 1572 τῷ

449 1588 790 1673 καταλόγῳ
838 1582 1117 1664 ὁπλίτας
1160 1591 1265 1651 καὶ
1311 1586 1465 1663 τοὺς
1511 1585 1749 1664 ἄλλους
1797 1588 2103 1666 ἱππέας),
2164 1597 2232 1654 ut
2274 1590 2381 1654 vel
2425 1592 2797 1655 memoriam

453 1713 705 1759 omnem
751 1690 1143 1755 comitiorum
1194 1691 1630 1773 popularium,
1691 1692 1745 1755 si
1801 1690 1935 1755 fieri
1992 1692 2332 1774 potuisset,
2394 1693 2803 1775 exstinguere

450 1795 731 1860 voluisse
772 1792 1129 1856 videantur.
1218 1793 1483 1858 Prorsus
1525 1792 1697 1857 idem
1742 1799 2080 1857 senserunt
2124 1794 2464 1876 optimates
2481 1841 2497 1874 ‚
2555 1794 2623 1857 in
2669 1796 2799 1875 qui-

448 1897 570 1961 bus
614 1895 1051 1959 Theramenes
1092 1894 1210 1957 fuit
1224 1942 1240 1975 ‚
1302 1895 1410 1975 qui
1465 1894 1880 1975 oligarchiam
1924 1895 2486 1977 quadrigentorum
2531 1916 2647 1978 pro
2691 1896 2801 1961 de-

449 1997 758 2063 mocratia
799 1996 1146 2060 instituturi
1190 1993 1287 2060 Ol.
1333 1994 1539 2076 XCII,
1592 2001 1645 2058 1.
1703 1997 2011 2079 populum
2055 1996 2514 2061 Atheniensem
2569 1997 2637 2061 in
2683 1997 2801 2063 Co-

449 2101 669 2164 lonum
713 2104 1100 2179 equestrem,
1146 2118 1275 2161 non
1319 2098 1385 2160 in
1429 2097 1729 2180 Pnycem,
1778 2104 2209 2161 convocarunt
2254 2097 2570 2182 (Thucyd.
2615 2099 2796 2180 VIII,

452 2205 530 2265 97
538 2206 599 2278 .).
687 2201 897 2281 Atque
941 2199 1354 2281 Trigintaviri
1397 2218 1589 2281 quum
1631 2199 1699 2262 in
1744 2196 1992 2263 Odeum
2037 2205 2336 2281 cogerent
2368 2200 2801 2266 Athenienses

448 2304 570 2368 hoc
616 2303 808 2367 etiam
854 2302 1149 2383 exemplo
1192 2301 1424 2365 imitati
1468 2308 1615 2365 sunt
1658 2299 2233 2382 Lacedaemonios,
2295 2294 2562 2382 quorum
2616 2304 2794 2367 auxi-

446 2405 534 2468 lio
590 2405 658 2468 in
717 2402 1216 2481 dominationem
1260 2402 1657 2467 Athenarum
1701 2410 2159 2486 pervenerant3
2216 2403 2285 2467 hi
2342 2404 2512 2467 enim
2570 2404 2795 2468 eodem

448 2514 735 2589 tempore
778 2506 844 2568 in
890 2502 1053 2568 odeo
1069 2506 1111 2578 ¹)
1158 2524 1272 2569 suo
1320 2505 1383 2568 (i.
1423 2524 1477 2568 e.
1510 2503 1766 2581 Sciade)
1814 2506 2071 2569 comitia
2113 2505 2456 2570 h‘abebant.
2530 2506 2802 2570 Accedit

448 2608 626 2673 aliud
671 2605 841 2690 quod
884 2612 1176 2670 narratur
1220 2627 1260 2670 a
1302 2606 1737 2690 Xenophonte
1761 2608 2070 2685 ¹(Memor.
2115 2607 2166 2689 Ι,
2229 2612 2334 2682 2.).
2422 2608 2566 2672 Duo
2625 2608 2796 2673 enim

448 2733 485 2777 e
541 2730 804 2774 numero
862 2709 1434 2791 trigintavirorum,
1498 2707 1726 2774 Critias
1787 2717 1849 2774 et
1901 2709 2227 2775 Charicles
2244 2758 2260 2790 ,
2321 2717 2576 2792 praeter
2631 2711 2798 2776 alias

447 2814 626 2894 leges
686 2811 879 2875 etiam
935 2810 1103 2874 hanc
1145 2812 1459 2875 tulerunt:
1522 2805 1730 2890 λόγων
1791 2809 2012 2894 τέχνην
2068 2810 2155 2894 μὴ
2219 2808 2569 2875 διδάσκειν.
2660 2813 2799 2877 Hos

446 2914 670 2995 igitur,
747 2912 854 2993 qui
924 2918 987 2975 et
1043 2912 1440 2976 comitiorum
1495 2913 1900 2993 antiquorum
1956 2918 2424 2994 contemptores
2481 2919 2545 2977 et
2598 2914 2799 2995 ipsius

446 3014 780 3097 popularis
848 3013 1253 3094 eloquentiae
1309 3032 1525 3078 osores
1579 3021 1792 3095 erant,
1870 3015 1976 3096 qui
2049 3012 2269 3078 credat
2340 3014 2656 3096 pulpitum
2727 3015 2797 3078 in

448 3117 696 3199 Pnyce‚
753 3115 1160 3196 popularium
1216 3116 1703 3180 altercationum
1763 3135 2086 3198 campum,
2144 3115 2249 3179 vel
2305 3114 2635 3178 minimum
2693 3135 2796 3179 cu-

450 3238 628 3283 rasse
671 3218 776 3281 vel
822 3215 986 3279 adeo
1029 3216 1421 3282 instaurasse
1463 3217 1771 3301 improbis
1813 3215 2184 3281 laboribus?
2271 3216 2616 3281 Enimvero
2671 3218 2797 3300 pri-

447 3339 588 3384 mus
632 3318 1077 3401 Thrasybulus
1133 3318 1200 3381 in
1257 3319 1586 3400 antiquam
1630 3319 1913 3402 Pnycem
1968 3318 2272 3400 populum
2324 3317 2577 3382 videtur
2617 3339 2795 3384 revo-

450 3420 697 3485 cavisse
741 3424 826 3498 (ν.
868 3419 1331 3485 Schneiderum
1374 3419 1460 3483 ad
1502 3419 1954 3503 Xenophontis
1997 3419 2158 3484 Hist.
2206 3439 2298 3501 gr.
2344 3420 2428 3500 ΙΙ,
2477 3424 2535 3483 4.
2584 3424 2684 3484 40.
2731 3428 2797 3485 et

450 3522 846 3587 Scheibium:
895 3521 999 3586 die
1043 3522 1193 3603 olig.
1238 3522 1661 3603 Umwalzung
1703 3544 1781 3585 zu
1823 3522 2056 3601 Athen,
2102 3541 2165 3603 p.
2218 3523 2404 3596 135.).

620 3623 767 3687 Non
822 3623 1056 3687 factum
1113 3643 1255 3688 esse
1310 3624 1501 3706 igitur
1553 3624 1622 3688 id
1674 3623 1843 3705 quod
1889 3622 1970 3687 de
2013 3622 2261 3705 pulpito
2305 3622 2792 3687 Atheniensium

447 3724 736 3789 narravit
762 3724 1139 3790 Plutarchus
1185 3745 1287 3789 res
1330 3726 1475 3808 ipsa
1503 3728 1755 3790 clamat.
1834 3722 1964 3789 Sed
2007 3742 2240 3806 operae
2284 3724 2556 3806 pretium
2601 3725 2791 3790 etiam

447 3826 636 3891 nobis
681 3844 823 3889 esse
866 3825 1118 3890 videtur
1160 3826 1313 3908 quid
1354 3827 1766 3891 Plutarchum
1807 3825 2134 3908 impulerit
2174 3824 2503 3907 indagare,
2549 3832 2620 3890 ut
2661 3827 2795 3890 tale

448 3934 874 3993 commentum
916 3927 1198 3991 traderet
1238 3929 1599 3993 memoriae.
1674 3929 1894 4010 Ipsum
1940 3928 2109 3993 enim
2139 3925 2399 3993 finxisse
2428 3927 2591 3991 illud
2622 3927 2791 4010 quod

450 4028 712 4095 tradidit
767 4028 1028 4093 minime
1083 4035 1180 4093 est
1240 4031 1565 4096 credibile.
1655 4029 1973 4112 Equidem
2030 4048 2181 4094 vero
2238 4036 2391 4111 puto
2449 4029 2792 4093 Therame-

448 4153 617 4207 nem,
664 4151 860 4195 unum
904 4151 940 4196 e
983 4130 1417 4214 trigintaviris,
1465 4132 1673 4198 simile
1718 4131 1873 4214 quid
1913 4131 1981 4196 in
2025 4131 2238 4195 animo
2268 4130 2571 4195 habuisse
2599 4137 2792 4211 atque

589 4352 622 4419 ¹)
660 4351 850 4402 Odeum
884 4351 1040 4401 fuisse
1079 4351 1309 4400 Sciadem
1346 4351 1586 4401 discimus
1623 4351 1685 4400 ab
1721 4351 2022 4417 Etymologo
2059 4350 2245 4414 Magno
2283 4366 2326 4398 v.
2364 4344 2544 4404 Σκιάς.
