3499 5219
1265 447 1831 510 ---275——--

379 609 711 692 Animvl,
732 615 787 675 7.
810 611 932 677 ita:
961 609 1073 678 καὶ
1099 610 1616 696 κατεσθιόμενος
1647 605 1711 677 δ’
1747 601 1972 679 ὦπται
2002 612 2232 694 κόκκυξ
2258 609 2394 680 ὗπὸ
2428 614 2684 699 ἱέρακος
2711 638 2728 653 ·

396 721 615 777 καίτοι
659 707 848 779 οὐδὲν
905 719 1093 779 ποιεῖ
1145 716 1339 779 τοῦτο
1395 718 1525 781 τῶν
1585 711 1914 799 ὁμογενῶν
1977 710 2235 798 ι’)ρνέων.
2295 716 2598 794 νεοττοὺς
2648 719 2728 784 δὲ

394 812 699 898 κόκκυγος
744 813 1041 900 λέγουσιν
1079 810 1169 893 ὦς
1199 811 1413 894 οὐδεὶς
1458 816 1775 901 ἑώρακεν·
1826 814 1861 882 ὃ
1909 819 1979 883 δὲ
2022 816 2225 884 τίκτει
2266 825 2404 902 μέν,
2454 813 2593 884 ἀλλ’
2644 815 2721 885 οὗ

382 914 838 1005 ποιησάμενος
892 917 1207 984 νεοττιάν.
1300 913 1439 984 ἄλλ’
1500 919 1709 986 ἐνίοτε
1767 919 1884 1000 μὲν
1931 917 1999 985 ἐν
2043 923 2120 1008 τῇ
2166 922 2296 985 τῶν
2357 920 2722 987 ἐλαττόνων

382 1012 675 1098 ὃρνίθων
723 1018 994 1084 ἐντίκτει
1035 1021 1433 1105 καταφαγὼν
1476 1019 1558 1088 τὰ
1612 1016 1710 1106 ᾠὰ
1756 1021 1838 1086 τὰ
1883 1021 2142 1088 ἐκείνων
2186 1049 2238 1088 κ.
2289 1049 2344 1088 τ.
2395 1023 2444 1089 ἑ.
2536 1025 2720 1091 Simi-

378 1123 525 1187 liter
567 1122 778 1203 VIIII,
813 1126 914 1186 29.
960 1122 1068 1187 ubi
1111 1123 1295 1188 addit
1338 1123 1517 1190 δοκεῖ
1563 1118 1626 1188 δ’
1664 1121 1697 1186 ὁ
1728 1124 1962 1203 κόκκυξ
1989 1124 2314 1209 φρόνιμον
2359 1134 2723 1192 ποιεῖσθαι

378 1221 494 1306 τὴν
539 1221 869 1288 τέκνωσιν.
926 1223 1038 1289 διὰ
1079 1223 1203 1308 γὰρ
1247 1224 1323 1288 τὸ
1371 1225 1736 1293 συνειδέναι
1783 1222 1961 1309 αὐτῷ
2005 1226 2120 1313 τὴν
2167 1226 2415 1292 δειλίαν
2459 1231 2563 1292 καὶ
2615 1223 2722 1292 ὅτι

380 1318 495 1389 οὐκ
554 1317 633 1389 ἂν
695 1323 960 1390 δύναιτο
1015 1330 1391 1415 βοηθῆσαι,
1467 1328 1581 1394 διὰ
1642 1333 1838 1393 τοῦτο
1907 1325 2134 1410 ὥσπερ
2192 1325 2720 1412 ὑποβολιμαίους

378 1436 568 1492 ποιεῒ
608 1426 763 1504 τοὺς
806 1426 1042 1493 ἑαυτοῦ
1073 1427 1377 1507 νεοττοὺς
1406 1429 1516 1495 ἵνα
1548 1432 1886 1496 σωθῶσιν.
1935 1430 2052 1518 τὴν
2081 1432 2201 1515 γὰρ
2234 1433 2484 1498 δειλίαν
2516 1427 2720 1515 ὖπερὲ·

376 1528 607 1611 βάλλει
650 1531 843 1593 τοῦτο
887 1528 964 1593 τὸ
1010 1527 1266 1614 ὄρνεον·
1324 1529 1617 1598 τίλλεται
1658 1532 1780 1616 γὰρ
1826 1526 1959 1596 ὖπό
2007 1534 2137 1598 τῶν
2180 1535 2428 1615 μικρῶν
2475 1529 2718 1616 ὀρνέων

376 1635 482 1695 καὶ
530 1629 751 1716 φεύγει
800 1627 984 1698 ον’·τά.
1046 1636 1146 1700 Ex
1175 1635 1277 1700 his
1306 1635 1580 1718 aliisque
1608 1636 1767 1701 locis
1797 1636 1918 1700 hoc
1949 1635 2158 1700 evinci
2186 1654 2376 1720 posse
2405 1638 2712 1720 putabam

378 1737 670 1801 cuculum
726 1757 917 1819 quum
972 1738 1113 1820 ipse
1154 1737 1466 1809 familiam
1520 1758 1650 1802 non
1692 1738 1934 1802 nutriat
1987 1757 2102 1821 pro
2161 1740 2458 1821 exemplo
2517 1740 2711 1803 etiam

376 1837 734 1903 adversarii
767 1838 1159 1921 reipublicae
1187 1840 1582 1923 propositum
1625 1839 1823 1905 fuisse
1866 1839 1949 1904 ab
1979 1839 2345 1905 Aristotele.
2413 1841 2517 1905 Ad
2547 1841 2715 1906 hanc

379 1940 552 2005 enim
621 1941 1006 2005 sententiam
1070 1941 1254 2023 quasi
1321 1960 1516 2005 manu
1583 1940 1817 2007 ducere
1870 1939 2210 2005 videbatur
2261 1940 2716 2024 Aristophanis

375 2037 965 2125 Νεφελοκοκκυγία,
1013 2061 1159 2124 qua,
1205 2049 1511 2125 tanquam
1554 2044 1830 2124 cuculos,
1891 2042 2084 2107 etiam
2130 2062 2238 2108 eos
2296 2043 2716 2127 philosophos

372 2143 651 2209 ludibrio
708 2144 934 2208 habuit
990 2145 1098 2226 qui
1153 2151 1548 2228 contempta,
1608 2164 1736 2227 qua
1789 2145 2110 2226 viverent,
2170 2145 2381 2229 patria
2434 2145 2711 2228 civitate,

376 2266 613 2310 novam
659 2265 926 2328 eamque
966 2247 1035 2310 in
1079 2253 1229 2325 aere
1260 2247 1442 2328 quasi
1483 2246 1874 2331 pendentem
1917 2253 2282 2312 construere
2326 2253 2712 2339 satagerent.

373 2348 742 2414 Accedebat
783 2348 1091 2432 Hesychii
1132 2348 1381 2429 glossa:
1432 2341 1820 2431 Ἀγάμητος,
1868 2343 2138 2430 α’γαμος,
2185 2343 2344 2426 ἄζυξ
2400 2349 2478 2427 (si
2521 2346 2714 2413 modo

372 2459 545 2516 recte
601 2448 970 2515 emendavit
1025 2448 1402 2527 Salmasius)
1457 2469 1620 2532 quae
1675 2470 1834 2516 sane
1888 2449 1974 2515 ad
2030 2451 2318 2515 cuculum
2374 2448 2718 2514 videbatur

375 2554 697 2638 pertinere
740 2571 950 2636 posse.

545 2655 733 2719 Nunc
786 2662 1002 2719 autem
1056 2653 1187 2718 alia
1246 2654 1460 2718 omnia
1518 2674 1675 2720 vera
1731 2673 1873 2720 esse
1931 2660 2104 2738 puto.
2212 2655 2381 2719 Nam
2439 2656 2712 2737 primum

377 2758 634 2839 quidem
678 2757 1055 2822 Aristoteles
1097 2775 1429 2838 nusquam,
1475 2755 1531 2820 si
1572 2763 1743 2822 recte
1789 2756 2145 2838 observavi,
2192 2777 2343 2821 usus
2389 2763 2485 2823 est
2527 2777 2714 2823 voca·

374 2860 524 2925 bulo
569 2879 744 2924 mere
786 2857 1037 2942 poetico
1081 2857 1386 2922 πετεινοῦ
1429 2877 1546 2940 pro
1593 2850 1831 2941 ὀρνέῳ,·
1878 2856 2115 2922 deinde
2158 2877 2415 2939 prorsus
2446 2858 2716 2925 obscure

372 2960 695 3026 indicatus
760 2966 929 3025 esset
981 2959 1238 3023 cuculus
1300 2957 1515 3023 verbis
1579 2954 1738 3036 ἄζυξ
1793 2949 1883 3022 ὢν
1942 2952 2168 3040 ὥσπερ
2230 2955 2295 3021 ἒν
2356 2969 2710 3036 πετεινοῖς.

372 3062 866 3146 Exspectaveris
912 3056 1155 3140 ὅτεπερ
1204 3055 1360 3137 ἄζυξ
1401 3051 1490 3122 ὢν
1537 3053 1745 3144 ὥστερ
1794 3056 1860 3124 ἐν
1905 3068 2239 3136 πετεινοῖς
2285 3054 2320 3123 ὅ
2363 3056 2608 3138 κόκκυξ.

546 3164 782 3230 Contra
822 3163 986 3229 illud
1029 3157 1254 3242 ὥσπερ
1301 3158 1367 3226 ἐν
1412 3165 1681 3238 πεττοῖς
1725 3161 2149 3246 proverbialis
2190 3169 2286 3227 est
2337 3162 2572 3227 locutio
2618 3162 2712 3227 di-

371 3286 559 3332 verso
589 3265 780 3331 modo
809 3286 849 3330 a
879 3264 1143 3331 Graecis
1169 3269 1492 3349 usurpata.
1559 3262 1666 3329 Sic
1694 3262 1871 3347 apud
1899 3262 2273 3347 Euripidem
2302 3263 2524 3348 Suppl.
2560 3267 2706 3329 409.

356 3363 469 3431 ιἘν
512 3367 631 3447 μὲν
674 3365 824 3431 τόδ’
869 3360 1026 3451 ἡμῖν
1057 3361 1284 3448 ω’σπερ
1331 3362 1397 3430 ἐν
1443 3367 1714 3440 πεττοῖς
1746 3361 1946 3439 δίδως
1974 3374 2278 3445 κρεῖσσον
2325 3364 2562 3431 dictum
2606 3373 2708 3431 est

377 3470 457 3534 de
511 3469 779 3553 imperio
836 3468 1165 3554 populari,
1225 3487 1381 3551 quo,
1438 3474 1509 3532 ut
1566 3473 1760 3532 antea
1813 3466 2104 3533 Theseus
2160 3467 2441 3549 dixerat,
2504 3464 2712 3553 δῆμος

370 3565 647 3635 ἀνάσσει
694 3570 1107 3652 διαδοχαῖσιν
1153 3567 1219 3634 ἒν
1261 3572 1464 3652 μέρει,
1513 3568 1684 3651 quod
1724 3567 1878 3634 item
1933 3569 2143 3634 locum
2187 3567 2384 3635 habet
2438 3568 2506 3634 in
2549 3571 2711 3636 talo-

370 3693 514 3737 rum
554 3673 708 3738 ludo
753 3693 943 3756 quum
973 3673 1139 3740 alter
1179 3679 1327 3757 post
1366 3673 1640 3738 alterum
1680 3668 1913 3737 iisdem
1956 3671 2214 3737 tesseris
2242 3670 2456 3754 utitur.
2525 3671 2712 3737 Simi-

370 3775 520 3840 liter
560 3773 734 3858 apud
778 3775 1272 3859 Aristophanem
1302 3773 1476 3840 Eccl.
1508 3775 1630 3838 987
1678 3771 1833 3849 (ΒΥ.)
1877 3771 1969 3854 τῷ
1998 3770 2376 3857 βουλομένῳ
2405 3795 2497 3856 γε,
2540 3772 2711 3839 κατὰ

370 3874 487 3940 τὸν
533 3871 599 3940 ἓν
644 3885 925 3954 πεσσοῖς
969 3873 1189 3959 νόμον,
1239 3875 1409 3958 quod
1450 3876 1602 3940 item
1648 3871 1993 3957 significat:
2052 3874 2214 3936 alter
2250 3884 2399 3958 post
2443 3876 2710 3938 alterum

337 3969 475 4044 ‘vel
521 3979 795 4040 alternis.

538 4080 715 4145 Haec
759 4087 971 4144 autem
1015 4041 1338 4146 sententia
1380 4076 1463 4145 ab
1504 4075 1866 4144 Aristotelis
1908 4077 2049 4141 loco
2095 4078 2287 4160 longe
2331 4076 2546 4142 aliena
2588 4084 2708 4144 est.

354 4178 612 4265 ’Άζυγες
658 4182 827 4248 enim
861 4201 1024 4263 quae
1068 4180 1195 4245 sint
1237 4180 1305 4245 in
1347 4186 1731 4246 tesserarum
1773 4177 1927 4242 ludo
1973 4176 2273 4243 docemur
2315 4178 2396 4241 ab
2429 4178 2706 4260 Aqathia

373 4285 832 4369 epigrammate
890 4288 987 4349 64.
1050 4281 1382 4360 (Niebuhr.
1439 4301 1503 4365 p.
1550 4283 1749 4362 378.)‚
1812 4278 1982 4363 quod
2038 4286 2136 4346 est
2191 4280 2259 4343 in
2316 4278 2711 4363 Anthologia

365 4387 664 4451 Palatina
708 4385 920 4468 VIIII,
969 4388 1111 4451 482.
1158 4404 1253 4449 vs,
1299 4388 1379 4447 20
1422 4403 1513 4465 sq.
1564 4382 1645 4447 de
1687 4380 1964 4447 Zenonis
2007 4381 2417 4464 Imperatoris
2459 4381 2665 4446 iactu:

2202 4483 2296 4532 18*
