3499 5219
1260 384 1790 490 ——81‘4-

358 610 614 657 currere
658 591 940 673 solebat,
996 598 1336 674 postquam
1380 593 1513 657 alia
1558 592 1946 659 Germaniae
1990 593 2229 678 oppida
2284 595 2517 661 frustra
2572 614 2713 679 per-

356 695 715 774 lustrasset,
761 699 829 757 ut
871 693 1091 760 sedem
1132 694 1225 758 ibi
1267 694 1488 776 figeret
1529 696 1985 761 iucundiorem.

533 795 911 878 Schellingii
949 795 1226 860 naturali
1275 815 1390 860 seu
1432 797 1801 863 mundanae
1861 797 2309 882 philosophiae
2364 800 2557 883 longe
2615 799 2711 865 fir-

360 898 567 962 miora
593 896 1013 971 fundamenta
1043 897 1408 964 dialectices
1449 901 1802 965 substruxit
1828 900 2136 983 Hegelius
2164 901 2274 982 ita,
2321 907 2407 983 ut,
2452 903 2713 969 resectis

363 996 662 1064 omnibus
703 1000 970 1082 poeticis
1014 1001 1401 1084 stolonibus,
1447 1003 1644 1085 plane
1686 1022 1922 1066 novam
1965 1022 2234 1085 eamque
2279 1005 2713 1071 sublimiorem

361 1101 731 1167 condidisse
805 1101 1163 1167 censendus
1235 1104 1335 1168 sit.
1440 1106 1573 1170 Hos
1635 1104 2054 1186 philosophos
2109 1106 2441 1188 tresviros,
2519 1127 2713 1189 quum

362 1204 588 1269 lenam
633 1203 1057 1285 reliquissent,
1104 1213 1356 1271 secutus
1395 1212 1492 1272 est
1531 1205 1833 1287 Friesius,
1881 1207 2134 1288 egregie
2164 1207 2461 1273 cordatus
2503 1210 2712 1290 homo,

363 1305 476 1387 qui
520 1304 606 1369 ad
648 1305 1043 1370 Kantianam
1088 1306 1441 1372 doctrinam
1485 1308 1576 1371 ita
1618 1327 1689 1372 se
1729 1309 2056 1372 revocavit
2098 1315 2186 1390 ut,
2232 1330 2391 1392 gyro
2437 1310 2716 1392 quodam

364 1406 653 1471 confecto
670 1455 686 1488 ,
730 1407 1142 1490 philosophia
1184 1409 1355 1493 apud
1412 1430 1532 1475 nos
1573 1410 1785 1474 redire
1827 1409 2150 1475 videretur
2191 1428 2270 1474 eo
2287 1459 2303 1491 ,
2363 1430 2488 1494 quo
2532 1432 2715 1496 supe-

362 1509 533 1574 riore
598 1510 851 1574 saeculo
910 1529 1141 1574 exorsa
1196 1517 1353 1576 erat.
1440 1513 1585 1576 Duo
1649 1531 1807 1594 prae
1861 1511 2086 1576 ceteris
2143 1510 2397 1576 addidit
2450 1514 2712 1597 Kantio,

364 1611 644 1693 logicam
702 1618 765 1676 et
818 1610 1151 1675 historiam
1206 1612 1686 1695 philosophiae,
1756 1632 1946 1694 quam
2019 1613 2212 1677 altius
2275 1613 2389 1679 ille
2443 1616 2715 1698 repetiit,

366 1732 561 1794 quam
603 1714 736 1777 ullo
779 1720 1061 1794 ‘unquam
1104 1720 1390 1796 tempore
1431 1719 1583 1778 ante
1639 1733 1784 1778 eum
1837 1714 2071 1779 factum
2130 1721 2243 1780 est.
2333 1716 2434 1780 Ne
2489 1717 2717 1800 longus

368 1834 513 1880 esse
556 1814 780 1880 videar
843 1815 1062 1878 omitto
1118 1815 1494 1897 Krausium,
1555 1816 1985 1881 Reinholdum
2040 1816 2351 1881 minorem
2408 1823 2472 1882 et
2516 1819 2718 1883 Bach·
2770 1890 2775 1895 ,

367 1938 695 1998 mannum,
742 1936 963 1982 omnes
1006 1937 1120 1981 suo
1164 1936 1477 1999 quemque
1520 1937 1757 2000 genere
1800 1917 2181 1982 laudandos.

542 2017 849 2083 Videmus
889 2019 1084 2101 igitur
1124 2018 1602 2085 universitatem
1646 2028 1929 2085 nostram
1992 2038 2108 2102 per
2163 2020 2287 2084 tria
2331 2021 2591 2085 saecula
2652 2022 2720 2086 in

370 2121 643 2202 singulis
687 2141 1015 2202 nunquam
1058 2140 1188 2185 non
1229 2120 1424 2186 fuisse
1469 2121 1843 2203 diligentem
1876 2128 1939 2185 et
1967 2119 2268 2202 criticam,
2313 2121 2381 2185 in
2426 2123 2719 2188 omnibus

372 2223 843 2306 philosopham,
889 2242 1099 2305 neque
1126 2243 1319 2286 unam
1350 2229 1658 2287 sectatam
1689 2242 1831 2288 esse
1872 2222 2385 2307 philosophiam,
2413 2230 2719 2305 tanquam

371 2325 849 2407 beatissimam,
893 2325 986 2389 ita
1028 2332 1245 2389 tamen
1287 2331 1357 2389 ut
1400 2345 1723 2406 nunquam
1769 2323 2187 2408 philosophos
2231 2342 2343 2388 eos
2402 2325 2714 2407 habuerit,

374 2426 500 2508 qui,
548 2426 792 2492 Ixionis
835 2428 1055 2508 instar,
1103 2427 1210 2507 qui
1240 2427 1491 2491 Nubem
1522 2429 1857 2510 amplexus
1901 2433 1997 2491 est
2039 2445 2154 2508 pro
2198 2425 2464 2508 Iunone,
2513 2429 2716 2510 plum-

371 2524 563 2592 beam
606 2528 1031 2612 stolidamque
1073 2530 1306 2593 molem
1349 2529 1656 2593 materiae
1699 2547 1815 2612 pro
1870 2527 2132 2592 numine
2189 2526 2480 2593 adorant.
2569 2528 2717 2594 Car·

375 2631 592 2696 dinem
634 2632 824 2713 igitur
879 2633 1082 2697 tenuit
1136 2633 1321 2712 Iena,
1397 2632 1465 2695 in
1521 2651 1644 2712 quo
1688 2637 2019 2696 vertuntur
2076 2650 2297 2696 omnes
2341 2630 2721 2714 disciplinae

373 2733 713 2814 humanae,
760 2735 1064 2815 nulloque
1106 2753 1386 2814 unquam
1440 2740 1727 2817 tempore
1771 2755 1811 2798 a
1853 2732 2039 2798 nobis
2097 2738 2336 2798 temere
2379 2733 2718 2798 rescissum

376 2842 475 2900 est
503 2855 764 2900 aureum
807 2836 971 2900 illud
1013 2836 1187 2900 filum
1231 2855 1346 2900 seu
1372 2835 1718 2918 vinculum,
1767 2856 1890 2917 quo
1933 2854 2137 2899 nexus
2168 2853 2439 2898 coronae
2471 2835 2720 2900 univer-

375 2937 656 3001 sitatium
702 2937 1013 3002 contineri
1054 2938 1237 3001 initio
1296 2938 1461 3021 dixi3
1535 2937 1705 3020 quod
1760 2937 1815 3001 si
1873 2956 2152 3017 unquam
2198 2936 2612 3018 abrumpatur
2652 2938 2721 3001 in

377 3038 754 3117 Germania,
813 3060 1049 3104 corona
1089 3040 1518 3123 pulcherrima
1571 3039 1925 3104 resolvetur
1968 3038 2035 3101 in
2081 3037 2335 3119 singula
2377 3036 2564 3121 folia3
2624 3059 2721 3103 sa-

375 3140 502 3205 tius
557 3147 691 3205 tum
749 3142 868 3205 erit
932 3162 1047 3225 pro
1103 3141 1625 3207 universitatibus
1697 3139 2041 3204 seminaria
2106 3138 2381 3204 condere
2398 3187 2414 3219 ,
2491 3140 2722 3221 quibus

375 3261 660 3328 seorsum
700 3243 1111 3308 instituantur
1154 3242 1469 3324 theologi,
1513 3242 1962 3322 iurisconsulti,
2007 3240 2257 3306 medici.
2346 3240 2452 3306 Sic
2497 3241 2722 3306 suade-

376 3345 539 3409 bunt
581 3344 947 3427 aliquando,
996 3346 1103 3427 qui
1143 3344 1210 3410 id
1254 3351 1600 3427 sequuntur
1641 3344 1828 3407 unice
1873 3342 2044 3424 quod
2085 3342 2242 3408 utile
2284 3341 2537 3407 videtur
2559 3362 2720 3425 esse,

377 3466 509 3511 non
555 3446 723 3527 quod
766 3447 1119 3529 pulchrum,
1166 3443 1335 3527 quod
1378 3447 1735 3526 honestum,
1784 3443 1953 3527 quod
1997 3442 2287 3508 sublime.

551 3549 688 3612 Hoc
730 3556 799 3613 ut
842 3568 925 3613 ne
968 3547 1145 3613 fieret
1187 3547 1360 3630 apud
1403 3569 1521 3613 nos
1545 3596 1561 3629 ,
1626 3547 1796 3611 cavit
1839 3546 2194 3629 principum
2251 3551 2608 3609 nostrorum
2651 3546 2723 3610 li-

381 3650 687 3715 beralitas
707 3698 723 3731 ,
784 3670 947 3732 quae
1001 3650 1363 3715 libertatem
1408 3648 1680 3714 docendi
1723 3647 2016 3713 concedit
2060 3647 2353 3712 omnibus
2369 3695 2384 3728 ,
2433 3647 2724 3730 inprimis

380 3752 813 3835 philosophis,
887 3772 1043 3834 quos
1099 3772 1423 3833 nunquam
1495 3751 1814 3816 iusserunt
1869 3770 2061 3813 unam
2107 3748 2388 3830 aliquam
2445 3749 2725 3831 profiteri

382 3853 856 3937 philosophiam
880 3902 896 3935 ,
962 3864 1157 3917 unam
1203 3853 1587 3933 doctrinam,
1649 3871 1814 3933 quae
1872 3851 1994 3915 sibi
2047 3850 2313 3914 forsitan
2356 3851 2721 3932 placuisset,

381 3955 498 4021 sed
540 3956 609 4019 in
666 3956 957 4021 omnibus
1012 3956 1202 4020 rebus
1257 3974 1371 4018 suo
1431 3953 1665 4018 iudicio
1721 3953 1814 4017 uti
1880 3951 2188 4017 doctores.
2277 3952 2444 4016 Nam
2497 3952 2727 4016 iterum

380 4057 735 4139 iterumque
807 4063 903 4122 est
971 4055 1422 4121 inculcandum
1479 4076 1607 4119 non
1666 4074 1808 4119 esse
1866 4054 2150 4137 optabile
2209 4059 2278 4117 ut
2332 4054 2457 4136 ipsi
2521 4053 2725 4135 philo·

385 4160 733 4242 sophentur
774 4159 1094 4242 principes
1139 4156 1309 4239 quod
1372 4158 1440 4221 in
1497 4157 1753 4239 egregio
1798 4156 2072 4220 civitatis
2129 4156 2465 4220 simulacro
2523 4155 2723 4219 suasit

384 4260 569 4325 Plato
615 4260 731 4326 sed
788 4268 856 4325 ut
914 4260 998 4324 ad
1060 4260 1390 4343 exemplar
1445 4260 1613 4341 regis
1678 4257 2046 4341 philosophi
2100 4259 2517 4322 Borussorum
2583 4253 2723 4318 dili-

383 4369 541 4444 gant
608 4368 670 4427 et
740 4360 1210 4445 philosophiam
1286 4368 1349 4426 et
1420 4367 1662 4427 ceteras
1735 4358 2107 4442 disciplinas
2180 4376 2343 4441 quae
2419 4357 2724 4422 docentur

489 4469 791 4519 Gonmmo,
828 4469 1046 4521 opuscula.
2288 4463 2319 4512 6
