3499 5219
1678 422 2242 485 ——298—

950 587 1163 652 Primo
1193 589 1376 653 titulo
1409 594 1525 667 (vs.
1565 593 1643 667 1.)
1672 582 1821 653 Ἐπὶ
1847 584 2272 670 Ἡρα[κλειό]υ
2316 584 2677 665 Ποσείδιος
2699 582 3130 672 Ἀφρο[δίτας

785 688 1021 771 ἱερέοςῘ
1058 689 1357 756 docemur
1383 690 1568 756 Acris
1612 690 1888 756 eundem
1938 690 2131 756 fuisse
2175 710 2436 771 morem,
2483 691 2610 773 qui,
2656 713 2697 756 a
2725 692 3128 759 Timoleonte

781 790 868 856 ad
923 791 1341 857 imitationem
1384 793 1697 874 Arg-orum
1741 793 2075 877 Syracusis
2130 793 2527 858 introductus
2584 794 2778 858 etiam
2834 795 2918 859 ab
2982 796 3128 860 aliis

784 892 1089 976 deinceps
1146 893 1405 959 Siciliae
1469 894 1732 960 urbibus
1798 901 2089 978 receptus
2145 901 2311 976 erat,
2369 901 2438 958 ut
2496 915 2705 959 annus
2759 916 2801 959 a
2842 897 3125 979 primarii

781 995 1061 1060 numinis
1106 996 1455 1077 sacerdote,
1503 1015 1616 1061 seu
1660 995 1940 1060 maximo
1984 996 2334 1076 sacerdote,
2383 995 2606 1076 (Cicer.
2654 997 2832 1062 Verr.
2880 999 2962 1078 Π,
3020 1002 3124 1077 52)

781 1116 1015 1161 nomen
1058 1097 1394 1180 acciperet.
1482 1095 1558 1160 V.
1605 1094 1677 1161 Ο.
1725 1097 2012 1163 Mueller.
2057 1098 2211 1162 Dor.
2255 1098 2341 1162 11.
2387 1119 2450 1181 p.
2502 1103 2642 1164 162.
2688 1099 2905 1163 Ebert.
2936 1099 3123 1164 Sicel.

783 1219 843 1281 p.
896 1201 1034 1262 125.
1122 1198 1228 1264 Sic
1272 1197 1492 1263 titulus
1537 1198 1777 1263 Gelous
1822 1195 1940 1262 ἐπὶ
1984 1196 2343 1282 ἱεραπόλου
2381 1192 2845 1282 Ἀριστίωνος,
2905 1202 3124 1266 titulus

782 1300 1237 1381 Agrigentinus
1284 1297 1396 1364 ἐπὶ
1446 1297 1763 1380 ἴεροθύτα
1819 1297 2288 1383 Νυμφοδώρου
2344 1308 2463 1364 τοῦ
2515 1300 2846 1377 Φίλωνος,
2907 1303 3125 1368 titulus

781 1401 1133 1467 Melitensis
1202 1400 1313 1466 ἐπὶ
1381 1400 1733 1486 ἶεροθύτου
1794 1396 1988 1466 Ἱκέτα
2045 1396 2306 1479 Ἱκέτου,
2377 1404 2544 1469 alius
2601 1403 2954 1469 Melitensis
3012 1401 3124 1468 ἐπὶ

783 1501 1022 1584 ἱερείας
1078 1503 1506 1584 Κλτιμοθέας
1565 1505 1629 1582 (i.
1689 1524 1744 1569 e.
1810 1499 2145 1580 Κλαυδίας
2208 1509 2605 1584 Τιμοθέας);
2677 1504 2757 1571 de
2814 1505 3125 1571 similibus

777 1592 1296 1688 inscriptionibus
1342 1627 1400 1669 v.
1432 1606 1717 1672 Boeckh.
1752 1605 1938 1689 Corp.
1969 1606 2166 1671 Inscr.
2199 1607 2250 1670 Ι.
2281 1628 2344 1690 p.
2385 1610 2527 1671 606.
2587 1606 2736 1672 Non
2764 1607 3126 1672 mirandum

779 1714 877 1772 est
920 1714 1132 1772 autem
1162 1707 1431 1774 Veneris
1475 1707 1871 1773 sacerdotem
1900 1706 2082 1771 Acris
2112 1708 2457 1772 maximum
2487 1707 2716 1792 fuisse3
2761 1709 2925 1773 haec
2954 1710 3123 1774 enim

780 1807 902 1875 dea
944 1809 1010 1873 in
1040 1809 1260 1875 Sicilia
1304 1811 1582 1874 omnium
1614 1809 1878 1874 dearum
1921 1809 2207 1873 maxime
2229 1816 2374 1892 post
2404 1808 2696 1875 Cererem
2728 1817 2792 1876 et
2821 1811 3121 1876 Liberam

781 1911 1127 1993 colebatur,
1160 1919 1351 1993 atque
1384 1909 1920 1992 quemadmodum
1942 1912 2270 1977 Troezene
2300 1920 2363 1976 et
2387 1911 2792 1977 Halicarnasi
2817 1905 3124 1995 Ἀφροδί-

778 2035 893 2095 της
944 2005 1255 2094 Ἀκραίας
1313 2013 1611 2091 (Pausan.
1671 2012 1755 2093 II,
1817 2016 1930 2093 32,
1980 2015 2064 2088 6.)
2110 2012 2331 2078 fanum
2375 2020 2762 2078 exstructum
2807 2020 2977 2094 erat,
3033 2014 3125 2077 ita

779 2115 972 2180 etiam
1017 2114 1199 2179 Acris
1237 2107 1639 2196 Ἀφροδίτης
1684 2109 2012 2197 φιλάκρας
2055 2114 2250 2179 aedes
2291 2114 2360 2179 in
2403 2134 2550 2179 arce
2594 2122 2806 2180 erecta
2850 2114 3123 2180 eundem

779 2216 1112 2298 paullatim
1157 2217 1464 2281 honorem
1508 2215 1748 2298 adepta
1791 2221 1888 2280 est
1930 2223 2123 2297 atque
2168 2215 2486 2297 Corinthi,
2533 2216 2705 2283 unde
2750 2216 3120 2301 Syracusas,

777 2318 1086 2382 Acratum
1138 2318 1554 2402 metropolin,
1617 2316 1849 2382 educta
1904 2317 2158 2381 colonia
2213 2324 2326 2381 est.
2420 2315 2755 2399 Φιλάκραν
2814 2318 2950 2382 dixi
3004 2318 3123 2383 Ve-

778 2438 1018 2500 nerem,
1066 2439 1451 2501 quamquam
1492 2419 1559 2482 in
1603 2418 1786 2482 titulo
1845 2419 1930 2482 ΙΙ.
1975 2419 2311 2502 perspicue
2353 2420 2586 2502 legitur
2630 2415 2930 2500 φιλόκρα.
2992 2419 3122 2485 Sed

779 2515 940 2601 ὄκρα
983 2540 1097 2603 pro
1144 2516 1310 2599 ἄκρα
1353 2520 1726 2601 antiquioris
1774 2518 2032 2584 dialecti
2075 2520 2271 2586 fuisse
2300 2522 2606 2604 probatur
2646 2521 2725 2586 iis
2768 2541 2937 2603 quae
2979 2541 3123 2585 con-

774 2623 973 2704 gessit
1016 2622 1456 2687 Blomfieldius
1500 2621 1584 2686 ad
1627 2622 1859 2687 Aesch.
1904 2622 2112 2687 Prom.
2159 2627 2303 2689 289.
2376 2625 2590 2689 Etiam
2632 2624 2848 2688 Latini
2876 2623 3122 2706 antiqui

779 2725 878 2788 usi
943 2730 1089 2789 sunt
1155 2745 1301 2786 ocre
1372 2744 1486 2807 pro
1551 2730 1768 2788 monte
1833 2723 2231 2807 confragoso
2296 2725 2373 2789 V.
2445 2725 2698 2787 Festum
2755 2745 2817 2789 v.
2880 2725 3117 2790 Ocrem.

776 2826 1037 2890 Praeter
1092 2825 1406 2892 Venerem
1463 2827 1780 2891 Acrenses
1839 2824 2134 2892 Cererem
2207 2834 2271 2892 et
2324 2827 2623 2892 Liberam
2641 2875 2657 2905 ,
2723 2827 3002 2892 Dianam
3058 2835 3121 2893 et

775 2927 1067 2991 Lamiam
1110 2946 1251 2991 cum
1296 2928 1636 3004 Auxesia¹)
1693 2933 2034 2994 veneratos
2091 2947 2232 2993 esse
2289 2949 2369 2993 ex
2412 2930 2595 2993 titulo
2640 2930 2759 2994 ΙΙΙ.
2806 2930 3118 2995 coniicere

774 3029 941 3094 licet.
1004 3028 1157 3093 Post
1200 3029 1595 3096 sacerdotem
1628 3029 1898 3095 Veneris
1940 3029 2008 3092 in
2040 3030 2244 3112 primo
2288 3031 2472 3095 titulo
2516 3032 2926 3113 magistratus
2955 3051 3118 3096 com-

773 3137 1205 3195 memorantur
1248 3137 1310 3195 et
1353 3131 1625 3213 primum
1668 3131 1928 3213 quidem
1971 3132 2022 3212 Ι,
2073 3135 2238 3195 2-4
2281 3133 2655 3214 agoranomi
2698 3132 2996 3215 quinque,
3030 3133 3114 3214 II,

777 3235 942 3296 2——4
985 3252 1169 3311 vero,
1230 3238 1542 3312 quattuor.
1630 3234 1714 3297 Hi
1768 3233 2141 3314 agoranomi
2196 3241 2344 3298 sunt
2398 3235 2676 3316 aediles,
2736 3254 3000 3317 quorum
3050 3235 3117 3300 in

777 3333 998 3399 Sicilia
1040 3333 1368 3416 provincia
1411 3335 1778 3399 suburbana
1820 3335 2059 3399 mentio
2105 3335 2298 3400 etiam
2347 3357 2388 3400 a
2433 3336 2737 3403 Cicerone
2782 3336 2984 3411 (Verr.
3030 3337 3114 3417 II,

776 3440 935 3518 55.),
994 3435 1295 3517 habetur3
1361 3455 1518 3517 quos
1574 3443 1922 3517 sequuntur
1975 3435 2399 3503 triacadarchi
2443 3446 2507 3503 et
2550 3438 2806 3522 quidem
2851 3439 2901 3519 I,
2951 3441 3115 3504 6-9

777 3536 1056 3619 quinque
1101 3536 1278 3616 (nisi,
1347 3536 1516 3619 quod
1573 3538 1779 3619 magis
1837 3546 1934 3601 est
1989 3538 2356 3622 probabile,
2416 3543 2806 3616 Παυσανίας
2861 3536 3116 3616 Σώσιος

777 3638 954 3703 cuius
998 3658 1232 3703 nomen
1277 3639 1509 3721 legitur
1549 3659 1612 3703 V.
1659 3642 1716 3703 6.
1763 3639 1973 3704 scriba
2016 3639 2163 3721 fuit,
2223 3646 2291 3704 ut
2331 3642 2648 3706 vocabula
2704 3640 3115 3725 γραμματεὺς

774 3740 880 3802 καὶ
930 3738 1272 3821 φραδατήρ
1315 3747 1460 3823 post
1503 3737 1970 3820 τριακάδαρχοι
2011 3761 2072 3805 v.
2120 3747 2178 3805 5.
2240 3741 2556 3807 excidisse
2608 3748 2964 3825 temporum
3023 3743 3114 3808 in-

775 3840 937 3905 iuria
981 3840 1363 3923 videantur),
1411 3843 1495 3923 II,
1545 3846 1752 3907 6-12
1797 3863 1947 3908 vero
1994 3849 2259 3925 septem.
2319 3843 2487 3922 Quot
2529 3864 2681 3910 vere
2723 3844 2957 3909 fuerint
2985 3866 3112 3909 non

774 3941 973 4024 liquet
1028 3939 1220 4024 quum
1276 3943 1345 4010 in
1407 3942 1533 4008 fine
1587 3945 1846 4009 mutilus
1903 3945 1985 4009 sit
2043 3952 2307 4027 uterque
2373 3946 2613 4011 titulus.
2701 3946 2836 4012 Hos
2901 3954 3114 4013 autem

907 4195 942 4258 ¹)
980 4194 1126 4250 Quod
1162 4195 1325 4246 adieci
1361 4197 1658 4258 Auxesiam,
1710 4213 2013 4261 quamquam
2049 4198 2154 4248 eius
2191 4214 2253 4247 ne
2291 4198 2478 4249 mentio
2515 4200 2717 4262 quidem
2752 4202 2807 4250 in
2843 4200 2994 4249 titulo
3029 4201 3110 4250 111

772 4280 908 4330 facta
943 4285 1046 4340 est,
1098 4282 1344 4331 rationem
1380 4282 1531 4331 habet
1565 4281 1620 4330 in
1657 4282 1909 4346 singulari
1944 4282 2332 4345 coniunctione,
2387 4300 2513 4348 quae
2563 4289 2638 4334 est
2675 4287 2936 4349 utriusque
2973 4286 3109 4336 deae.

774 4364 833 4416 V.
872 4366 1089 4416 Pausan.
1126 4366 1197 4428 II,
1234 4368 1316 4429 30,
1353 4369 1400 4418 5.
1438 4369 1518 4428 32,
1556 4367 1605 4417 2.
