3499 5219
1265 470 1397 477 —-—-
1486 437 1598 499 301
1695 472 1831 477 --m

371 606 479 670 vel
521 605 696 670 urbis
739 608 844 671 vel
887 606 1164 689 regionis
1207 607 1652 672 monumentis.
1739 609 1818 672 In
1872 607 1973 672 his
2029 607 2287 689 quidem
2341 606 2709 673 habendum

369 713 470 772 est
514 713 598 786 (v.
650 712 745 772 13.
800 710 920 784 15.)
967 705 1128 772 ποτὶ
1173 712 1491 792 φρητίοις,
1537 708 2028 791 intelligendum
2055 708 2327 775 fortasse
2370 708 2452 774 de
2481 709 2711 793 puteiS,

369 829 637 892 quorum
693 830 887 892 supra
941 810 1063 875 feci
1118 811 1526 876 mentionem.
1613 811 1723 877 VS.
1793 815 1889 875 12.
1950 810 2268 889 Θεμέλιον
2326 808 2395 875 ἐν
2440 809 2710 874 Βαλσα-

372 908 617 993 πόπτῳ
680 905 1077 995 Ἀρτεμισίῳ
1144 913 1297 996 quid
1360 913 1442 978 sit
1501 913 1749 979 nescire
1812 933 1915 978 me
1980 913 2198 979 fateor.
2307 913 2455 978 Fuit
2518 933 2710 994 quum

368 1013 750 1079 coniicerem
794 1015 1096 1098 scriptum
1139 1015 1333 1080 fuisse
1378 1012 1444 1077 ἐν
1490 1009 1634 1077 ἄλο.
1683 1016 1747 1094 (i.
1794 1035 1848 1080 e.
1897 1010 2109 1091 ἄλσει)
2155 1009 2443 1098 ἀπόπτῳ
2483 1006 2711 1095 'Aeze-

371 1119 607 1198 μισίῳε
654 1111 964 1179 ἄποπτον
1011 1117 1165 1199 quid
1207 1118 1290 1182 sit
1322 1116 1402 1182 de
1430 1118 1690 1201 regione
1719 1124 2091 1207 usurpatum
2122 1116 2307 1183 docet
2333 1117 2711 1183 Aristoteles

369 1217 560 1282 Polit.
614 1218 712 1299 ΙΙ,
771 1222 829 1282 9.
892 1212 1077 1293 ὅπως
1133 1217 1219 1300 μὴ
1279 1216 1590 1295 ἄποπτος
1649 1218 1832 1283 ἔσται
1890 1213 1927 1304 ἡ
1989 1223 2326 1300 Κορινθία
2394 1211 2532 1281 ἀπὸ
2588 1218 2707 1282 τοῦ

367 1317 689 1399 χώματος.
779 1319 872 1385 Of.
917 1321 1182 1386 Lobeck
1225 1321 1311 1386 ad
1354 1322 1551 1406 Soph.
1597 1321 1701 1405 Aj.
1755 1326 1850 1386 15.
1898 1322 2008 1387 Vs.
2067 1324 2168 1386 32.
2216 1325 2316 1385 34.
2361 1321 2708 1404 legendum

367 1441 513 1486 esse
556 1421 809 1488 videtur
851 1423 1009 1485 ποτὶ
1056 1424 1246 1508 Γέλᾳ,
1294 1430 1485 1505 atque
1525 1424 1757 1515 fluvius
1799 1424 1987 1489 huius
2028 1424 2305 1489 nominis
2347 1424 2708 1505 intelligen-

373 1523 492 1588 dus
535 1523 621 1588 ad
664 1525 841 1590 cuius
884 1524 1090 1590 fontes
1133 1526 1200 1589 in
1243 1527 1563 1592 montibus
1607 1525 1835 1591 vicinis
1891 1544 2046 1608 ager
2085 1525 2387 1591 Acrensis
2430 1527 2708 1608 porrige·

368 1625 574 1690 batur.
661 1629 739 1691 In
781 1628 905 1692 hac
947 1628 1273 1693 vicinitate
1315 1628 1490 1693 fluvii
1533 1629 1724 1693 etiam
1779 1626 2086 1710 Aeschyli
2140 1647 2376 1692 nomen
2435 1632 2518 1705 (V.
2578 1628 2706 1703 25.)

370 1727 634 1809 dignum
680 1736 776 1794 est
819 1729 988 1811 quod
1032 1729 1594 1811 animadvertatur,
1640 1749 1833 1811 quum
1875 1730 2155 1812 tragicus
2197 1729 2609 1794 Atheniensis
2638 1729 2706 1793 in

367 1831 528 1895 urbe
574 1831 739 1896 Gela
781 1838 1063 1896 mortuus
1108 1832 1207 1896 sit.
1295 1832 1404 1897 Vs.
1452 1837 1553 1896 40.
1599 1836 1700 1895 44.
1767 1828 2086 1909 Θεμέλιον
2132 1825 2266 1893 ὕπὸ
2312 1828 2429 1894 τὰν
2489 1829 2706 1895 πύλαν

369 1931 487 1996 τὰν
530 1933 1000 1996 Σελινουντίων
1057 1934 1284 1997 mirum
1342 1933 1608 1998 forsitan
1663 1933 1958 1998 videatur
2012 1940 2273 2016 propter
2315 1935 2504 1999 situm
2546 1934 2709 1999 Seli-

365 2036 583 2100 nuntis
626 2036 708 2099 ab
739 2035 922 2100 Acris
965 2035 1473 2101 remotissimum.
1534 2034 1664 2100 Sed
1706 2055 1898 2117 quum
1941 2041 2076 2099 tota
2117 2035 2293 2118 regio
2338 2055 2501 2117 quae
2542 2036 2710 2101 inter

369 2138 717 2203 Acrensem
773 2143 963 2218 atque
1029 2137 1412 2202 Selinusiam
1468 2138 1801 2202 interiacet
1851 2158 1892 2201 a
1945 2137 2214 2203 Rhodiis
2270 2138 2513 2203 colonis
2566 2158 2708 2220 pos-

365 2238 697 2319 sideretur,
744 2239 1092 2304 verisimile
1135 2245 1250 2320 est,
1298 2245 1545 2321 portam
1586 2239 1912 2303 lubentius
1966 2259 2319 2320 cognomen
2363 2239 2623 2325 duxisse
2668 2260 2707 2304 a

365 2340 744 2406 Selinuntiis
789 2341 896 2422 qui
940 2341 1279 2424 propinqui
1309 2348 1490 2405 erant
1518 2339 1985 2406 Corinthiorum
2028 2347 2091 2406 et
2119 2361 2259 2405 cum
2289 2341 2708 2425 Syracusanis

364 2444 561 2508 etiam
626 2442 883 2508 foedere
956 2443 1273 2511 coniuncti
1325 2443 1508 2507 initio
1571 2443 1730 2508 belli
1800 2444 2321 2526 peloponnesiaci
2388 2441 2703 2527 (Thucyd.

370 2545 478 2627 VI,
527 2548 631 2621 6.).
679 2544 788 2609 Vs.
848 2548 948 2607 21.
1043 2542 1361 2624 Θεμέλιον
1415 2538 1550 2606 ὑπὸ
1608 2542 1727 2621 τὰς
1784 2541 2097 2625 θαλάμας
2153 2545 2312 2607 ποτὶ
2370 2545 2462 2627 τῷ
2521 2544 2701 2631 οἴνῳ,

364 2668 461 2713 VS.
527 2652 627 2713 36.
697 2651 795 2711 42.
912 2649 987 2711 Θ.
1057 2647 1216 2710 ποτὶ
1281 2651 1561 2724 Λαμίας
1625 2649 1950 2726 μασθοῖς,
2019 2668 2113 2713 vs.
2179 2652 2279 2712 30.
2393 2649 2470 2711 Θ.
2540 2643 2703 2730 ποτὶ

368 2750 727 2828 πλυν[τ]οἶς
782 2756 845 2814 et
901 2769 994 2814 vs.
1056 2753 1153 2813 38.
1215 2750 1355 2826 Θεμ
1404 2746 1468 2811 ἐν
1516 2744 1684 2832 ὄρίει
1727 2756 2140 2829 κακκαρικοῒς
2192 2750 2455 2813 nomina
2509 2749 2705 2816 fuisse

366 2853 648 2917 locorum
704 2870 890 2915 nemo
947 2851 1065 2916 erit
1121 2851 1228 2932 qui
1286 2850 1560 2931 dubitet,
1621 2850 1738 2917 sed
1792 2870 2050 2916 causam
2108 2851 2548 2932 originationis
2604 2852 2705 2917 his

364 2953 625 3037 quidem
682 2953 1072 3036 temporibus
1121 2971 1309 3017 nemo
1363 2951 1552 3017 facile
1605 2952 1908 3017 inveniet.
1999 2955 2436 3032 Κακκαρικοῖς
2499 2953 2703 3036 primo

343 3056 676 3139 *putabam
719 3053 1229 3137 componendum
1274 3073 1416 3119 esse
1459 3074 1601 3119 cum
1632 3057 2050 3130 κακκείοντες,
2097 3051 2501 3133 κακκρύπτω,
2550 3078 2702 3117 κακ-

365 3155 656 3243 κορυφήν
700 3157 792 3220 ita
833 3163 903 3220 ut
932 3153 1096 3219 κατά
1122 3156 1507 3239 praepositio
1537 3156 1786 3236 lateret,
1830 3176 1998 3220 nunc
2026 3156 2423 3239 probabilius
2451 3155 2713 3221 videtur

365 3262 473 3323 καὶ
520 3263 837 3342 Καρικοῖς
881 3258 1212 3338 corrigere.
1300 3257 1434 3322 Ista
1488 3263 1702 3321 autem
1747 3256 1971 3323 Carica
2024 3257 2134 3322 ubi
2189 3257 2422 3322 fuerint
2478 3265 2540 3323 et
2593 3274 2704 3323 cur

363 3357 459 3421 sic
501 3356 674 3422 dicta
715 3356 948 3425 fuerint
991 3379 1094 3425 me
1123 3359 1326 3426 fateor
1367 3358 1632 3424 nescire.
1692 3360 2035 3425 Praeterea
2063 3358 2703 3426 animadvertendum

363 3464 463 3523 est
506 3456 580 3521 τὸ
627 3458 825 3540 δρίος.
