3499 5219
1224 1546 1861 1624 ORATIO

405 1759 539 1810 DIE
598 1760 656 1809 15
710 1762 788 1811 Μ.
844 1759 1028 1809 IVNII
1078 1758 1143 1809 A.
1204 1759 1333 1810 1853
1388 1760 1533 1822 QVO
1587 1759 1867 1810 LVSTRA
1920 1759 2238 1822 QVINQVE
2290 1758 2667 1809 REGIMINIS

1230 1879 1323 1929 ET
1378 1877 1850 1929 RECTORATVS

1146 2037 1458 2105 CAROLI
1503 2038 1950 2105 FRIDERIOI

361 2226 581 2273 MAGNI
613 2227 813 2275 Dvcls
838 2227 1177 2275 SAXONIAE
1207 2226 1621 2276 SERENISSIMI
1649 2226 2066 2275 FELICISSIME
2095 2226 2400 2275 PERACTA
2420 2228 2708 2276 PVBLICE

473 2328 1048 2376 CELEBRABANTVR
1088 2329 1163 2376 IN
1204 2330 1386 2374 AVLA
1427 2329 1933 2376 VNIVERSITATIS
1974 2329 2283 2377 IENENSIS
2326 2305 2598 2375 HABITA.

486 2579 493 2584 .
530 2514 711 2579 Bene
752 2533 829 2578 ac
873 2512 1199 2596 sapienter
1242 2535 1283 2578 a
1327 2520 1555 2579 senatu
1582 2512 1956 2578 academiae
1998 2520 2255 2579 nostrae
2298 2515 2707 2579 constitutum

362 2624 476 2698 est,
508 2622 577 2681 ut
597 2615 924 2681 conditum
946 2617 1233 2698 quintum
1263 2618 1533 2682 lustrum
1554 2615 1883 2699 regiminis
1903 2614 2216 2681 GAROLI
2243 2616 2707 2701 FRIDERIOI,

357 2718 578 2800 Magni
606 2717 804 2783 Ducis
834 2718 1257 2800 Serenissimi,
1301 2725 1641 2801 postquam
1671 2736 1894 2783 omnes
1921 2717 1990 2782 in
2018 2718 2277 2801 templis
2306 2719 2709 2785 sanctissimo

362 2819 484 2884 deo
528 2819 768 2901 gratias
813 2819 1163 2902 egissemus
1205 2840 1322 2902 pro
1365 2821 1574 2885 salute
1633 2819 1857 2903 optimi
1898 2819 2207 2903 principis
2221 2867 2237 2900 ‚
2297 2820 2491 2885 etiam
2545 2822 2713 2885 inter

356 2922 476 2986 hos
520 2921 799 3004 parietes
843 2921 1097 3004 publice
1140 2921 1588 2987 celebraretur.
1662 2922 1800 2986 Nos
1843 2921 2034 3003 enim,
2079 2928 2336 3004 praeter
2376 2940 2711 2987 commune

355 3022 519 3087 illud
562 3024 888 3087 vinculum
931 3020 1439 3104 necessitudinis,
1487 3022 1656 3105 quod
1700 3029 1959 3088 nostrae
2000 3023 2145 3089 urbi
2186 3021 2525 3086 intercedit
2566 3042 2708 3086 cum

356 3124 667 3207 ampliore
711 3123 950 3207 patria,
1010 3122 1189 3188 aliud
1205 3170 1222 3205 ‚
1269 3129 1334 3188 et
1374 3123 1443 3188 id
1487 3123 1744 3206 quidem
1786 3125 1980 3207 longe
2022 3123 2329 3204 validius,
2387 3143 2528 3187 cum
2573 3122 2707 3188 GA-

356 3224 582 3292 ROLO
640 3222 1106 3290 FRIDERICO
1177 3225 1518 3308 copulavit.
1607 3225 1818 3291 Ceteri
1876 3224 2047 3291 enim
2102 3224 2275 3289 cives
2332 3224 2505 3289 nacti
2561 3231 2709 3291 sunt

355 3327 708 3413 principem
763 3326 1151 3407 hereditate,
1221 3346 1339 3391 nos
1394 3326 1520 3410 ipsi
1575 3327 1887 3410 elegimus
1941 3329 2278 3392 Rectorem
2334 3326 2707 3394 academiae

358 3428 765 3496 GAROLVM
806 3426 1367 3508 FRIDERICUM‚
1415 3434 1480 3493 et
1521 3430 1833 3493 consult0.
1921 3427 2472 3508 Quemadmodum
2514 3427 2706 3509 igitur

352 3531 646 3598 homines
688 3530 1018 3596 ardentius
1062 3528 1363 3612 amplecti
1420 3529 1633 3594 solent
1684 3537 1879 3613 atque
1932 3530 2003 3595 in
2056 3530 2202 3594 sinu
2260 3529 2476 3594 fovere
2534 3530 2706 3610 quod

355 3635 479 3718 ipsi
521 3633 645 3700 sibi
688 3638 1099 3715 paraverunt,
1144 3651 1336 3715 quam
1381 3629 1551 3712 quod
1596 3633 1779 3715 quasi
1823 3632 1991 3697 dono
2009 3680 2026 3714 ,
2071 3631 2249 3695 nullo
2294 3651 2408 3696 suo
2451 3631 2699 3715 merito,

352 3738 765 3817 acceperunt,
831 3733 923 3798 ita
975 3752 1094 3798 nos
1158 3751 1407 3816 quoque
1460 3732 1703 3797 maiore
1762 3733 1998 3816 gaudio
2053 3732 2352 3817 perfundi
2406 3752 2527 3816 par
2585 3740 2701 3816 est,

353 3854 546 3917 quum
588 3855 691 3900 res
732 3841 985 3900 nostras
1029 3833 1204 3899 haud
1247 3832 1652 3900 mediocriter
1693 3835 1973 3901 crevisse
2012 3833 2580 3900 animadvertimus
2625 3854 2701 3901 eo

349 3942 594 4002 rectore
638 3955 826 4018 quem
869 3942 1022 4001 ante
1064 3936 1184 4001 hos
1224 3935 1453 4019 viginti
1498 3936 1779 4018 quinque
1832 3956 2038 4003 annos
2092 3936 2162 4003 in
2216 3936 2480 4020 publica
2534 3937 2703 4001 cala-

347 4038 589 4119 mitate,
634 4044 840 4102 morte
883 4036 1016 4102 divi
1060 4036 1272 4102 Caroli
1314 4037 1588 4120 Augusti
1628 4038 1874 4120 oborta,
1917 4038 2042 4122 ipsi
2085 4057 2549 4104 creaveramus.

519 4140 770 4224 Nempe
811 4139 1294 4222 irreparabilem
1335 4139 1647 4204 iacturam
1689 4158 1810 4204 nos
1851 4138 2098 4223 fecisse,
2145 4139 2323 4206 obitu
2349 4140 2694 4224 superioris

347 4241 654 4325 principis
667 4289 685 4324 ‚
761 4240 971 4307 cuncti
1023 4241 1510 4307 arbitrabamur.
1598 4242 1684 4307 Et
1735 4240 1874 4307 iure
1928 4240 2204 4326 quidem.
2294 4241 2504 4325 Atque
2559 4241 2700 4325 ipse

348 4363 467 4426 ego
513 4350 576 4409 et
618 4341 864 4408 amicus
919 4343 1200 4426 collega,
1261 4361 1453 4424 quum
1507 4341 1576 4407 in
1631 4342 1827 4408 Italia
1880 4342 2436 4427 peregrinantibus
2488 4343 2695 4429 nobis,

2225 4443 2289 4497 6*
