3499 5219
1224 450 1358 456 ——
1449 414 1566 476 129
1655 396 1829 455 ——-'

737 580 1089 642 Feliciorem
1133 582 1223 642 his
1266 582 1531 643 omnibus
1572 582 1870 643 Austriam

737 667 976 727 Dixisse
1020 665 1111 726 fas
1153 671 1262 747 est,
1308 668 1560 728 Caesare
1605 687 1759 744 quae
1803 688 1909 729 suo

825 752 1139 828 Armisque
1183 752 1314 813 cani
1356 752 1668 813 Phocionis

907 837 1053 896 Rem
1096 837 1208 897 sibi
1249 838 1504 898 restituit
1547 839 1869 898 cadentem.

737 969 1061 1074 Feliciores
1103 1033 1210 1074 nos
1252 1016 1445 1094 etiam,
1488 1019 1714 1077 Ducem

735 1100 845 1158 TE
890 1100 991 1175 qui
1034 1118 1324 1178 veremur,
1373 1103 1478 1161 TE
1521 1102 1873 1162 PATRIAE
1917 1101 2263 1179 PATREM,

825 1183 876 1245 Ο
923 1185 1180 1245 GARLE
1223 1186 1673 1265 FRIDERICE,
1716 1188 1837 1246 divi

908 1270 1107 1348 Digna
1147 1272 1334 1347 patris
1377 1271 1667 1332 CAROLI
1708 1272 2007 1350 propago!

737 1449 1088 1511 Germaniae
1130 1467 1265 1508 nam
1306 1450 1685 1510 seditionibus

739 1535 896 1594 Dum
938 1534 1089 1593 irata
1129 1534 1337 1610 plebes
1377 1536 1610 1594 territat
1652 1535 1857 1594 anxios

825 1620 931 1678 TE
975 1619 1223 1679 vidimus
1265 1619 1475 1679 fortem
1517 1621 1641 1680 sine
1686 1621 1862 1680 armis

909 1703 1161 1763 Numine
1205 1704 1518 1764 conciliare
1561 1705 1792 1765 fluctus.

737 1892 967 1969 Nempe
1011 1891 1122 1961 hoc
1166 1895 1427 1951 vetustas
1472 1891 1791 1951 contribuit
1831 1891 1977 1952 deae

737 1976 1151 2054 Rhamnusiae,
1196 1995 1349 2052 quae
1394 1976 1565 2035 frena
1607 1980 1778 2054 gerat
1818 1977 1992 2056 modi,

826 2062 1046 2121 Sedare
1092 2080 1209 2137 quo
1252 2061 1466 2121 fastum
1506 2066 1816 2121 monentur

910 2148 987 2205 Et
1027 2146 1282 2223 populus
1323 2146 1648 2224 populique
1690 2165 1884 2224 reges.

739 2333 939 2393 Fictae
985 2337 1228 2393 catenae
1271 2333 1487 2392 robora
1527 2331 1806 2409 frangere

738 2419 892 2478 Vani
935 2422 1001 2497 ut
1042 2417 1305 2495 tumoris,
1350 2436 1466 2477 non
1510 2417 1854 2495 sapientiae,
1899 2421 2007 2496 est,

826 2503 1012 2577 Quem
1055 2522 1189 2562 mox
1230 2502 1590 2562 refrenatum
1631 2501 1861 2563 videbis

909 2587 1161 2650 Servitio
1205 2587 1398 2665 subigi
1441 2587 1684 2648 acriori:

737 2777 856 2854 Sic,
901 2795 1075 2853 quem
1117 2781 1382 2836 tenacem
1423 2774 1709 2852 propositi
1754 2775 1959 2834 ducem

737 2865 1079 2937 lustumque
1122 2862 1278 2919 vitae
1323 2861 1501 2937 longa
1547 2860 1673 2919 dies
1713 2860 1848 2937 piae

823 2946 1193 3024 Monstravit,
1234 2947 1293 3004 in
1339 2945 1575 3004 summis
1618 2944 1856 3021 periclis

906 3032 1261 3091 Intemerata
1302 3030 1449 3089 fides
1492 3034 1762 3107 coronat3

737 3218 857 3299 Per
899 3218 1162 3294 quinque
1206 3236 1339 3277 nam
1381 3218 1486 3277 TE
1530 3218 1718 3275 lustra
1760 3216 2039 3294 Vimaria,

735 3304 844 3362 TE
888 3307 974 3362 tot
1016 3321 1126 3379 per
1168 3321 1351 3362 annos
1394 3306 1565 3379 grata
1606 3301 1905 3360 academia

825 3388 1075 3448 Rectore
1119 3389 1383 3464 gaudens
1426 3386 1661 3463 quando
1707 3387 1920 3462 egebat

908 3473 1156 3533 Pectore
1201 3474 1304 3533 TE
1349 3470 1771 3551 generosiore?

736 3657 1011 3718 Falconis
1055 3659 1235 3718 altum
1279 3659 1473 3734 qualis
1516 3658 1574 3717 in
1619 3657 1862 3717 aethera

738 3744 1038 3804 Candente
1083 3763 1279 3820 penna
1320 3744 1546 3804 tollitur
1586 3742 1857 3821 impetus,

823 3829 917 3889 Ad
959 3829 1208 3889 numinis
1251 3830 1360 3889 TU
1403 3829 1538 3888 talis
1582 3828 1759 3887 aedes

909 3914 1203 3974 Candidus
1246 3914 1493 3991 erigeris
1536 3913 1814 3990 supremi,

737 4099 932 4177 Leges
974 4106 1237 4161 sacratas
1282 4120 1411 4160 cum
1455 4100 1646 4176 patria
1688 4098 1804 4158 fide

736 4186 968 4245 Virtute
1011 4190 1185 4262 parta
1226 4185 1580 4262 Magnanimi
1624 4186 1829 4263 DuciS,

822 4271 1083 4349 Tutaris,
1126 4275 1302 4346 atque
1347 4275 1503 4330 artes
1543 4275 1776 4347 togatas

905 4357 1199 4433 Egregius
1243 4356 1386 4416 colis
1427 4356 1781 4416 aestimator.

425 4464 725 4512 Gonnum,
753 4462 968 4514 opuscula.
2226 4455 2260 4504 9
