3499 5219
1638 451 1774 457 „m
1866 420 1944 482 ¹6
2033 448 2164 456 --...

730 589 920 655 Adde
980 589 1169 673 Cypr.
1229 588 1569 687 Vommelii
1614 588 1805 653 Frisii
1862 588 2059 670 epigr.
2102 586 2172 650 in
2216 584 2396 668 Sylv.
2442 582 2605 647 libro
2651 582 2769 646 III.
2818 580 3075 660 (Erfurt.

738 695 959 769 1540):

1121 798 1212 854 De
1256 796 1447 855 reditu
1491 794 1769 854 Iohannis
1812 794 2042 870 Stigelii
2084 793 2160 852 ad
2203 793 2279 850 Η.
2325 789 2702 848 Ruchterum.

1036 881 1343 958 Stigelium
1387 883 1580 939 vatem
1624 879 1937 939 Germania
1978 879 2132 938 misit
2174 878 2250 936 ad
2292 875 2540 953 AngIOS,

1120 966 1342 1042 Anglia
1384 969 1737 1024 nummatum
1781 965 1961 1043 plena
2004 963 2244 1022 remittit
2286 979 2481 1037 opum.

1036 1051 1298 1110 Vicimus
1341 1050 1534 1110 officio
1577 1054 1635 1109 te
1679 1068 1788 1109 nos
1830 1049 2088 1108 Henrice
2131 1045 2472 1122 Monarcha,

1125 1136 1403 1207 Quolibet
1447 1140 1536 1195 est
1578 1154 1723 1194 auro
1770 1136 1929 1193 culta
1972 1135 2241 1193 Minerva
2284 1130 2467 1209 prior.

734 1256 948 1322 Etiam
992 1254 1279 1321 Thomae
1325 1253 1727 1333 Cromvellio,
1778 1252 1950 1333 regis
1994 1251 2411 1332 Cancellario,
2459 1269 2714 1315 carmen
2756 1247 3081 1332 inscripsit

735 1357 907 1440 quod
949 1357 1181 1439 legitur
1224 1358 1298 1419 T.
1345 1357 1395 1419 Ι.
1439 1355 1481 1419 f.
1526 1359 1652 1418 442
1696 1372 1757 1417 v.
1846 1355 2081 1420 Postea
2135 1354 2393 1436 nuptias
2447 1353 2616 1435 regis
2672 1351 3021 1417 celebravit
3036 1351 3078 1427 ¹)
3165 1430 3168 1431 ⁷

626 1460 629 1463 ’
732 1462 926 1542 longo
983 1458 1282 1524 carmine.
1372 1457 1577 1534 Quam
1633 1456 1932 1522 fefellerit
1990 1457 2270 1521 omnium
2326 1455 2865 1538 exspectationem
2909 1453 3081 1517 Hen-

733 1563 901 1627 ricus
944 1561 1098 1626 satis
1142 1566 1419 1625 constat.
1466 1558 1802 1641 Philippus
1846 1559 2039 1640 igitur
2079 1556 2536 1623 Melanchthon
2578 1557 2655 1621 A.
2702 1556 2952 1620 MDXL
2999 1553 3080 1618 de

734 1666 855 1729 hac
896 1684 967 1728 re
1010 1663 1262 1746 scripsit
1303 1660 1389 1726 ad
1434 1660 1829 1743 Stigelium2)
1873 1661 1994 1725 ita:
2038 1659 2468 1742 „Desinamus
2512 1658 2836 1723 celebrare
2878 1654 3084 1721 laudi-

732 1768 854 1832 bus
895 1764 1236 1848 Anglicum
1280 1765 1621 1829 Neronem.
1710 1763 1962 1844 Nescio,
2017 1782 2105 1826 an
2145 1760 2426 1843 audieris
2469 1760 2551 1825 de
2594 1759 2968 1824 crudelitate
3011 1757 3080 1821 in

733 1869 1041 1951 reginam.
1100 1868 1201 1931 De
1245 1885 1320 1930 eo
1363 1865 1620 1947 negotio
1663 1854 1717 1929 si
1762 1863 1916 1946 quid
1958 1864 2171 1945 scires,
2215 1863 2403 1927 facile
2444 1882 2666 1946 posses
2694 1862 3078 1942 existimare,

736 1991 860 2053 quo
916 1970 1129 2034 animo
1185 1968 1386 2032 nostri
1425 1967 1574 2031 illos
1628 1967 2051 2050 panegyricos
2105 1965 2329 2030 lecturi
2385 1970 2617 2030 essent.
2706 1966 2845 2047 Ego
2902 1982 3081 2047 prae-

734 2071 1039 2136 fationem
1083 2071 1154 2134 in
1196 2071 1365 2132 locos
1408 2089 1754 2132 communes
1795 2069 2056 2133 mutabo
2101 2073 2165 2133 et
2208 2066 2603 2151 palinodiam
2632 2066 2915 2147 laudum,
2963 2064 3083 2130 etsi

737 2180 886 2239 sunt
926 2173 1018 2237 ibi
1061 2192 1193 2236 non
1222 2171 1566 2235 admodum
1594 2172 1832 2255 largae,
1878 2170 2133 2235 addam.
2196 2168 2593 2235 Cromvellus
2621 2170 2851 2251 laqueo
2881 2176 3083 2234 stran-

735 2277 1009 2358 gulatuS,
1056 2273 1371 2339 dissectus
1411 2280 1477 2338 et
1517 2279 1834 2339 crematus
1874 2271 2038 2338 est.“
2094 2272 2271 2339 Haec
2314 2271 2587 2354 epistola
2615 2272 2900 2355 Philippi
2932 2271 3084 2336 data

736 2384 833 2443 est
875 2376 1069 2442 XVII
1111 2376 1275 2458 Aug.
1306 2375 1383 2440 A.
1414 2376 1682 2441 MDXL.
1728 2375 1932 2457 Igitur
1960 2374 2261 2455 Stigelius
2306 2374 2517 2455 etiam,
2565 2380 2869 2456 tanquam
2900 2375 3081 2456 alter,

696 2524 702 2530 -
736 2478 855 2547 sed
924 2480 1250 2559 invchUS,
1288 2544 1292 2549 ,
1325 2476 1756 2557 Stesichorus,
1830 2476 2227 2559 palinodiam
2294 2496 2410 2541 seu
2475 2475 3085 2558 „protestationem“

737 2581 991 2665 scripsit
1064 2578 1289 2646 eodem
1362 2599 1553 2644 anno.
1569 2578 1614 2655 ³)
1703 2577 2082 2661 Quanquam
2154 2597 2364 2661 neque
2389 2566 2396 2573 ⁰
2425 2584 2650 2661 postea
2708 2579 2789 2646 de
2845 2579 3085 2662 Anglia

736 2703 995 2768 prorsus
1040 2682 1424 2765 desperavit,
1468 2687 1538 2745 ut
1581 2699 1839 2746 carmen
1880 2687 2191 2746 monstrat
2232 2681 2318 2746 ad
2360 2681 2745 2747 Aelmerum.
2760 2683 2806 2758 4)

907 2785 1273 2851 Redeuntes
1317 2804 1398 2848 ex
1436 2783 1675 2864 Anglia
1715 2782 1912 2864 legati
1943 2782 2245 2850 Saxonici
2287 2789 2732 2865 tempestatem
2775 2784 3085 2848 marinam

737 2887 1026 2971 perpessi
1081 2891 1257 2966 sunt,
1333 2904 1416 2950 ex
1472 2904 1598 2967 qua
1654 2904 1848 2966 aegre
1908 2905 1979 2950 se
2022 2886 2305 2951 evasisse
2349 2885 2652 2967 Stigelius
2695 2886 2841 2968 plus
2872 2887 3085 2952 -semel

740 2988 1131 3056 carminibus
1171 2986 1634 3069 pronunciavit.
1651 2987 1694 3062 5)

909 3090 1036 3154 Vix
1077 3095 1294 3156 tamen
1336 3087 1613 3154 redierat
1643 3088 2054 3171 Vitebergam
2074 3110 2289 3171 -quum
2332 3089 2515 3171 gravi
2543 3088 2877 3172 corripitur
2903 3088 3083 3168 febri,

737 3192 825 3260 ad
868 3212 1058 3274 quam
1103 3190 1284 3272 quasi
1326 3188 1742 3256 moribundus
1786 3191 1997 3273 elegia
2037 3211 2106 3256 se
2149 3191 2477 3271 convertit,
2521 3190 2614 3254 ita
2655 3191 2997 3257 inchoans:

1146 3311 1356 3370 Febris
1399 3311 1544 3371 cede
1589 3309 1754 3370 foras
1794 3316 1896 3370 aut
1938 3311 2132 3370 mitius
2177 3329 2283 3369 ure
2324 3311 2638 3389 dolentem,

1231 3396 1312 3454 Ni
1351 3397 1591 3472 penitus
1631 3397 1790 3472 quid·
1817 3397 1893 3466 sit
1933 3414 2107 3456 nosse
2150 3400 2328 3472 poeta
2368 3394 2612 3475 voles,⁶)

736 3515 806 3579 in
849 3531 977 3597 qua
1017 3511 1412 3596 lepidissime
1455 3512 1736 3576 omnium
1795 3533 2049 3577 suorum
2106 3512 2450 3577 amicorum
2506 3513 2823 3594 meminit,
2898 3512 3091 3582 Hessi

741 3616 875 3699 (qui
918 3622 1136 3680 tamen
1179 3633 1417 3697 paucos
1461 3633 1715 3679 menses
1744 3622 1891 3698 post
1921 3615 2091 3680 diem
2121 3633 2484 3697 supremum
2519 3613 2718 3692 obiit),
2765 3614 3089 3680 Melanch-

738 3717 985 3798 thonis,
1047 3716 1300 3797 Sabini,
1318 3716 1363 3792 ⁷)
1422 3714 1768 3781 Camerarii
1782 3765 1797 3797 ,
1814 3716 1859 3792 ⁸)
1928 3716 2173 3801 Micylli
2188 3765 2202 3797 ,
2222 3717 2267 3792 9)
2340 3715 2621 3796 Lemnii,
2694 3715 3089 3781 Sastroviani

740 3819 915 3896 (Ioh;-
948 3818 1258 3883 Sastrovii
1301 3817 1702 3898 Sundensis),
1749 3819 2040 3900 Aemilii,
2099 3818 2383 3898 Acontii,
2445 3817 2676 3899 Georg.
2730 3818 3086 3894 Fabriciifl’)

740 3921 1028 3985 aliorum.

877 4123 912 4187 ¹)
948 4122 1005 4172 T.
1042 4124 1138 4173 ΠΙ.
1175 4139 1224 4189 p.
1266 4126 1309 4175 1.
1448 4124 1487 4183 2)
1525 4122 1578 4174 C.
1616 4122 1727 4176 Res.
1766 4123 1862 4171 ΠΙ.
1899 4139 1949 4188 p.
1990 4124 2136 4173 1071.
2274 4121 2309 4185 3)
2348 4122 2403 4171 T.
2441 4123 2537 4173 ΙΙΙ.
2576 4122 2609 4173 f.
2651 4125 2711 4176 13
2748 4139 2795 4174 v,
2832 4122 3091 4189 Inscripta

741 4212 817 4257 est
852 4223 896 4258 a.
919 4208 1116 4258 MDXL
1153 4225 1322 4260 mense
1349 4208 1505 4268 Maio,
1543 4207 1672 4257 falso
1709 4209 1818 4257 sine
1855 4206 2025 4256 dubio.
2095 4206 2135 4268 ⁴)
2174 4206 2228 4255 T.
2250 4208 2499 4271 1.p.433.
2636 4207 2674 4271 ⁵)
2713 4207 2769 4257 T.
2789 4206 2831 4259 Ι.
2850 4207 2885 4258 f.
2907 4209 3006 4260 209
3025 4225 3088 4268 v.‚

742 4295 840 4344 217
862 4310 926 4354 m,
963 4293 1019 4342 T.
1058 4295 1124 4343 II.
1163 4293 1194 4343 f.
1240 4296 1335 4345 190
1371 4310 1417 4342 v.
1556 4294 1595 4356 6)
1634 4292 1689 4341 T.
1728 4294 1770 4342 Ι.
1807 4292 1843 4343 f.
1881 4293 1980 4343 318
2016 4308 2061 4340 v,
2200 4291 2235 4355 7)
2274 4290 2348 4340 Cf.
2386 4291 2445 4345 T.
2480 4292 2549 4344 ΙΙ.
2588 4291 2621 4341 f.
2660 4294 2776 4344 215.
2812 4292 2908 4341 ΙΙΙ.
2944 4292 2978 4342 f.
3007 4294 3089 4344 39.

741 4378 782 4442 Β)
819 4376 892 4427 cf.
930 4377 988 4429 T.
1025 4379 1094 4428 ΙΙ.
1133 4378 1166 4426 f.
1207 4379 1307 4428 214
1343 4394 1386 4426 v.
1526 4376 1565 4438 9)
1605 4376 1679 4427 Cf.
1716 4377 1774 4427 T.
1811 4377 1879 4427 11.
1917 4376 1952 4427 f.
1989 4377 2074 4430 24.
2109 4443 2116 4450 .
2213 4376 2268 4436 ¹⁰)
2304 4375 2360 4425 T.
2397 4377 2467 4425 ΙΙ.
2504 4377 2537 4426 f.
2577 4379 2694 4428 218.
