3499 5219
789 552 1017 620 ceteris
1060 552 1266 635 poetis
1327 551 1395 615 in
1450 551 1888 634 anthologiam
1931 554 2203 637 receptis
2258 555 2588 620 vibrantes
2631 553 2943 638 quasdam
2984 575 3133 621 sen·
3176 602 3184 607 -

788 655 1090 721 tentiolas
1134 645 1574 736 quaestionum
1627 661 1693 718 et
1734 646 2219 737 responsionum
2275 645 2715 740 reciprocita'te
2772 657 3131 740 exprimere

790 758 971 837 solet,
1017 763 1087 821 ut
1126 755 1195 819 in
1239 754 1714 838 epigrammatis
1758 755 1937 821 XIV.
1968 754 2244 823 XXXV.
2276 758 2525 823 XLVII
2564 760 2648 824 al.
2707 758 2842 824 Sed
2884 757 3135 824 accedit

791 865 1083 942 quartum
1125 857 1319 941 idque
1362 857 1518 924 satis
1559 878 1758 940 grave
1800 867 2192 925 momentum
2221 860 2391 942 quod
2436 861 2656 944 paullo
2698 867 2846 944 post
2888 861 3132 943 aperie·

791 981 951 1043 mus,
998 981 1190 1043 quum
1232 968 1676 1043 argumentum
1719 961 2019 1025 carminis
2059 961 2261 1045 ipsius
2305 962 2803 1045 exposuerimus.

961 1064 1057 1131 Ac
1118 1062 1389 1146 primum
1454 1061 1711 1145 quidem
1782 1059 1972 1128 facile
2031 1062 2413 1146 intelligitur
2475 1062 2939 1129 Callimachum
3008 1064 3134 1129 hoc

792 1167 1251 1251 epigrammate
1294 1164 1705 1248 descripsisse
1748 1164 1993 1247 antiqui
2036 1165 2304 1231 alicuius
2330 1164 2585 1230 artificis
2621 1167 2937 1249 picturam
2980 1165 3133 1226 alle-

789 1271 1068 1353 goricam
1125 1286 1393 1350 eamque
1451 1267 1806 1350 egregiam,
1864 1267 2043 1332 cuius
2092 1267 2618 1350 significationem
2674 1266 3133 1332 subobscuram

794 1372 1253 1458 spectatoribus
1296 1370 1500 1435 voluit
1542 1367 1873 1434 declarare
1914 1367 2057 1433 ficto
2102 1369 2380 1451 quodam
2422 1370 2738 1451 colloquio
2781 1369 2951 1433 inter
2991 1367 3135 1432 hos-

793 1476 988 1560 pitem
1035 1473 1464 1539 sciscitantem
1495 1476 1560 1536 et
1588 1476 1924 1553 exegetam
1951 1469 2467 1555 respondentem,
2500 1490 2689 1553 quem
2720 1470 2871 1535 Itali
2898 1468 3136 1534 novicii

795 1597 965 1643 nunc
1016 1574 1283 1640 ridicule
1326 1572 1698 1638 Ciceronem
1716 1574 1759 1648 ¹)
1813 1580 2211 1657 nuncupant.
2294 1572 2602 1639 Similiter
2643 1573 2903 1655 Longu
2918 1621 2936 1647 ‚
2995 1591 3135 1655 per-

793 1699 979 1746 verse
1020 1679 1111 1743 sic
1168 1675 1372 1741 dictus
1387 1723 1403 1755 ,
1460 1675 1530 1739 in
1572 1674 1898 1757 prooemio
1940 1674 2363 1740 Pastoralium
2420 1694 2501 1740 ex
2554 1675 2802 1758 pictura
2855 1672 3130 1755 quadam

794 1780 1125 1861 Lesbiaca,
1172 1778 1254 1843 ab
1300 1782 1572 1858 exegeta
1612 1775 1736 1841 sibi
1781 1776 2104 1861 exposita,
2151 1775 2581 1861 composuisse
2638 1795 2710 1841 se
2766 1775 2950 1840 finxit
2991 1794 3131 1841 sua-

793 1883 1122 1949 vissimam
1164 1879 1342 1944 illam
1389 1878 1470 1944 de
1513 1878 1864 1962 Daphnide
1906 1886 1969 1945 et
2012 1877 2214 1945 Chloe
2254 1878 2671 1945 historiolam.

965 1984 1066 2048 Ab
1120 1981 1261 2065 ipso
1321 1980 1713 2046 Callimacho
1773 1986 1857 2061 (v.
1917 1985 1976 2047 3.
2032 1982 2219 2048 huius
2273 1981 2774 2066 epigrammatis)
2832 1977 3132 2045 discimus

792 2085 1135 2168 imaginem
1165 2083 1367 2164 illam,
1414 2083 1553 2148 sine
1584 2082 1780 2148 dubio
1811 2082 2303 2160 Alexandriae²)
2334 2083 2711 2166 expositam,
2753 2081 3131 2165 symplcqma

794 2187 965 2250 Iom's
1011 2195 1076 2248 ct
1114 2187 1374 2248 Amoris
1416 2184 1865 2267 adumbrasse,
1924 2184 2102 2250 cuius
2145 2185 2448 2268 primaria
2490 2203 2767 2267 persona
2809 2188 2947 2247 erat
2988 2181 3131 2265 Iup·

795 2290 989 2374 piter,
1062 2287 1443 2355 secundaria
1502 2288 1729 2368 Amor,
1794 2287 1934 2353 Iovi
1998 2286 2228 2353 decore
2297 2287 2679 2353 adhaerens.
2786 2284 2893 2350 Sic
2963 2283 3130 2349 enim

794 2393 1061 2473 hospes:
1144 2387 1310 2467 Quid
1350 2410 1497 2451 vero
1540 2390 1757 2451 existit
1797 2398 2085 2473 tanquam
2130 2409 2253 2453 uno
2298 2410 2332 2451 e
2375 2409 2640 2473 corpore
2696 2382 2965 2470 corpus?
3035 2384 3128 2448 cui

796 2491 1143 2576 respondet
1183 2491 1358 2555 illico
1401 2497 1702 2574 exegeta:
1747 2489 1878 2553 Hic
1904 2492 2102 2556 Amor
2130 2496 2244 2573 est,
2289 2492 2332 2556 i.
2378 2511 2433 2557 e.
2464 2492 2631 2559 alter
2661 2489 2837 2555 deus.
2894 2489 3125 2553 Rursus

795 2592 1215 2676 interroganti
1256 2591 1523 2676 hospiti:
1599 2590 1677 2656 Si
1716 2613 1896 2656 amor
1938 2602 2057 2667 est,
2106 2615 2221 2657 cur
2261 2590 2466 2657 videt?
2526 2590 2980 2676 respondetur:
3051 2589 3129 2654 At

802 2696 968 2759 Iovis
1011 2701 1108 2760 est
1150 2695 1216 2774 (i.
1262 2714 1318 2761 e.
1363 2697 1583 2770 amor).
1671 2695 1751 2760 In
1806 2695 1951 2779 ipsa
2005 2696 2379 2779 quaestione
2431 2695 2596 2762 illud
2650 2715 2763 2756 cur
2818 2693 2989 2756 videt
3024 2690 3127 2755 im·

798 2798 1022 2883 primis
1061 2797 1218 2864 mihi
1246 2796 1586 2862 videbatur
1628 2815 1771 2862 esse
1799 2797 2123 2881 mirabile3
2170 2819 2320 2864 nam
2350 2798 2777 2882 antiquiorum
2807 2801 3126 2879 poetarum

795 2920 1167 2984 graecorum
1223 2918 1410 2964 nemo
1425 2944 1443 2981 ,
1501 2898 1672 2981 quod
1727 2900 1958 2981 sciam,
2003 2900 2302 2967 Amorem
2345 2899 2529 2966 finxit
2569 2919 2843 2969 caccum,
2901 2895 3128 2961 nedum

798 3004 998 3068 oeulis
1040 3000 1243 3067 fascia
1285 3000 1605 3066 obvolutis
1647 2999 1819 3083 quod
1860 3021 2065 3083 aeque
2118 3002 2524 3070 invenustum
2581 3001 2979 3066 censuissent
3032 3017 3129 3062 ve-

796 3112 965 3172 teres
1009 3124 1200 3186 quam
1244 3103 1579 3185 Iustitiam,
1626 3122 1816 3185 quam
1863 3102 2047 3172 decet
2074 3123 2217 3170 esse
2244 3103 2879 3188 perspicacissimam,
2921 3098 3132 3166 taenia

799 3207 1208 3272 obcaecatam
1254 3204 1513 3287 fingere,
1558 3211 1630 3269 ut
1669 3205 1886 3270 media
1926 3204 2075 3271 fecit
2118 3212 2318 3272 aetas.
2375 3205 2737 3271 Fatendum
2781 3211 2885 3270 est·
2918 3211 3129 3267 tamen

799 3307 1206 3382 Theocritum
1252 3305 1375 3386 (Id.
1419 3306 1503 3388 X,
1557 3308 1653 3372 19.
1699 3309 1826 3382 20.)
1884 3313 2139 3391 praeter
2181 3308 2437 3374 Plutum
2494 3312 2705 3391 (quem
2759 3307 3131 3372 Timocreon

801 3409 1094 3476 Rhodius
1121 3406 1234 3471 τὸν
1264 3405 1516 3493 τυφλὸν
1557 3406 1864 3471 Πλοῦτον
1907 3409 2168 3492 primus,
2214 3416 2284 3474 ut
2323 3408 2593 3491 videtur,
2637 3412 3130 3493 nuncupaverat,

799 3517 1026 3595 postea
1068 3510 1532 3593 Aristophanes
1574 3511 1742 3584 Plut.-
1797 3513 1925 3588 90.)
1983 3512 2176 3578 etiam
2218 3512 2518 3580 Amorem
2575 3510 2817 3578 dixisse
2872 3528 3130 3572 caecum.

802 3612 961 3679 Cum
1004 3613 1128 3680 hac
1170 3612 1424 3680 Amoris
1464 3613 1774 3679 caecitate
1816 3612 2380 3680 alexandrinorum
2409 3619 2743 3697 poetarum
2784 3611 2947 3678 nihil
2975 3632 3134 3676 com·

798 3733 991 3780 mune
1033 3714 1232 3780 habet
1276 3714 1574 3797 orphicus
1614 3715 1728 3781 ille
1775 3707 2151 3796 ἂνόμματος
2183 3713 2363 3797 ἔρως,
2412 3714 2494 3780 de
2523 3735 2647 3798 quo
2676 3714 2828 3781 vide
2857 3713 3133 3780 Lobeck.

800 3816 1119 3900 Aglaoph.
1163 3837 1227 3900 p.
1273 3819 1418 3882 494.
1462 3817 1631 3882 Nam
1663 3815 1824 3881 alibi
1867 3816 1968 3895 (cf.
2013 3816 2297 3886 Lobeok.
2326 3817 2474 3900 Agl.
2518 3838 2582 3901 p.
2629 3818 2797 3895 482.)
2844 3815 3134 3899 orphicus

936 4002 971 4066 ¹)
1009 4001 1172 4059 Quam
1203 4003 1479 4053 miraturus
1512 4001 1694 4054 fuisset
1726 4004 1951 4069 optimus
1987 4003 2164 4053 Cicero
2203 4002 2249 4053 si
2283 4005 2542 4067 exegetam
2575 4001 2825 4067 quendam
2859 4001 3045 4051 Italum
3077 4014 3137 4050 ex

802 4103 902 4151 quo
937 4103 1092 4151 quum
1127 4087 1333 4137 servitia
1366 4103 1458 4137 sua
1503 4086 1797 4138 obtruderet
1842 4088 1965 4153 quid
2011 4089 2214 4138 tandem
2260 4104 2338 4137 me
2386 4087 2537 4136 vellet
2583 4086 2845 4152 quaerenti
2890 4085 3018 4136 mihi
3064 4086 3136 4134 sic

803 4171 1027 4222 audisset
1060 4171 1448 4237 nespondentem
1494 4188 1581 4233 „sc
1618 4171 1769 4236 stipis
1805 4172 2057 4237 cogendae
2091 4188 2243 4223 causa
2276 4172 2511 4222 factitare
2548 4173 2588 4223 il
2618 4173 2892 4225 miserabile
2925 4174 3140 4224 mestierc

803 4259 860 4308 di
882 4258 1162 4310 Cicerone.“
1299 4255 1337 4321 ²)
1373 4257 1563 4306 Notum
1595 4262 1672 4307 est
1694 4255 1921 4321 Apellem
1953 4257 2276 4323 allegoricam
2313 4257 2606 4308 Calumniae
2634 4257 2906 4321 imaginem
2927 4255 3139 4307 Alexan-

801 4340 942 4396 dsiae
974 4341 1227 4410 pinxisse.
1293 4341 1507 4392 Lucian.
1544 4340 1651 4394 Cal.
1685 4343 1717 4394 2
1754 4357 1826 4406 sq.
1883 4366 1887 4370 .
