3499 5219
1718 467 1854 474 —-—
1944 434 2063 498 132
2156 463 2290 470 ·—-

1320 605 1402 664 At
1444 623 1561 664 non
1604 604 1664 664 in
1709 622 1856 664 auro
1900 605 2239 682 divitiisque
2282 606 2436 667 inest

1322 690 1579 750 Tantum
1621 689 1853 749 decoris
1897 695 2153 766 quantus
2198 691 2351 751 inest
2395 690 2581 750 honos

1405 774 1760 852 Virtutibus,
1803 777 2252 853 mortaliumque

1491 859 1754 919 Moribus
1794 859 2133 937 ingeniique
2175 860 2459 920 flammae.

1324 1038 1646 1097 Demersus
1689 1055 1834 1114 ergo
1879 1038 1983 1113 qui
2025 1037 2137 1097 fuit
2179 1043 2353 1098 antea

1325 1121 1669 1182 Thesaurus
1709 1122 1922 1199 ingens
1965 1141 2084 1183 non
2130 1123 2256 1184 sine
2300 1125 2534 1185 numine

1411 1206 1744 1267 Conversus
1772 1208 1847 1267 ‘in
1889 1208 2231 1268 sublimiora
2273 1213 2363 1269 est

1493 1292 1740 1352 Munera
1783 1293 1941 1352 vitae
1983 1292 2289 1370 animique
2332 1294 2520 1354 dotes.

1325 1467 1500 1528 Hunc
1542 1469 1643 1528 TU
1683 1469 1854 1529 iubes
1896 1474 2032 1547 post
2073 1473 2272 1531 saecla
2314 1472 2711 1552 superstitem,

1326 1550 1377 1612 Ο
1423 1557 1610 1613 macte
1653 1553 1933 1632 princeps
1975 1560 2154 1634 sorte,
2200 1575 2537 1636 resurgere,

1412 1637 1811 1698 ORANIORUM
1853 1645 1920 1699 ut
1960 1641 2159 1718 prisca
2200 1641 2389 1702 virtus

1497 1724 1821 1802 Splendeat
1861 1725 2182 1802 integriore
2226 1727 2377 1806 luce,

1328 1909 1516 1984 Quam
1557 1912 1712 1970 mala
1755 1911 1988 1988 fulgent
2028 1912 2422 1989 Hesperidum
2465 1933 2668 1994 aurea,

1327 1996 1498 2057 Unde
1542 1995 1672 2071 ipsa
1713 2014 1926 2055 nomen
1968 2016 2116 2073 gens
2157 1998 2292 2057 tulit
2333 1998 2648 2060 inclutum:

1411 2079 1603 2139 Huius
1647 2082 1796 2140 ΤΙΒΙ
1837 2081 2072 2142 virtutis
2114 2084 2269 2142 alma

1495 2165 1670 2225 Nunc
1714 2166 1955 2225 SOPmE
1998 2168 2255 2227 sociatur
2298 2168 2526 2229 haeres.

1327 2350 1379 2413 O
1423 2352 1601 2428 digne
1644 2371 1851 2429 regum
1894 2354 2179 2430 progenie
2225 2355 2323 2432 pia

1328 2438 1552 2497 Tutare
1595 2436 1957 2515 thesaurum,
2000 2440 2216 2516 optime
2263 2440 2616 2521 principum,

1412 2523 1677 2582 Fortuna
1719 2541 1894 2598 quem
1937 2523 2136 2584 ridens
2178 2525 2439 2603 reclusit,

1485 2608 1565 2669 Ut
1606 2608 1856 2685 patriam
1899 2608 2035 2668 beet
2079 2629 2149 2670 ac
2192 2613 2499 2688 parentes!

1331 2793 1708 2869 Primumque
1753 2794 1813 2854 in
1857 2813 2051 2854 arcem
2095 2795 2209 2856 duc
2253 2815 2365 2873 age
2411 2797 2709 2859 Saxonum

1333 2879 1497 2937 Nutu
1541 2879 1680 2938 Tuo
1726 2898 1880 2954 quae
1925 2880 2122 2957 prisca
2162 2882 2513 2962 renascitur,

1418 2965 1498 3023 Ut
1540 2963 1697 3023 laeta
1737 2966 2168 3041 contempletur
2208 2984 2432 3046 oecum,

1504 3046 1634 3121 Quo
1678 3050 1944 3109 celebres
1986 3068 2238 3110 sonuere
2283 3051 2539 3112 chordae

1333 3235 1548 3294 Vatum
1592 3234 1812 3315 due110,
1859 3236 2017 3311 quod
2061 3236 2188 3296 sine
2233 3237 2520 3314 sanguine

1334 3320 1576 3380 Gestum
1618 3324 1830 3397 poetae
1874 3324 1982 3398 est,
2027 3321 2258 3381 barbito
2302 3322 2598 3383 homerico

1420 3405 1657 3464 Laudes
1699 3405 1910 3465 Batavi
1953 3406 2328 3483 Teutonique

1501 3489 1763 3566 Egregie
1807 3490 2131 3550 celebranti
2173 3492 2441 3551 Achillis.

1343 3675 1702 3752 Sacramque
1746 3677 1944 3736 sedem
1986 3677 2179 3737 visere
2221 3676 2456 3755 gestiat,

1337 3758 1492 3820 Olim
1535 3762 1922 3822 Prometheus
1965 3780 2141 3837 quam
2181 3761 2372 3821 tenuit
2414 3781 2603 3823 novus

1423 3847 1567 3905 Post
1607 3846 1830 3907 fulmen
1868 3851 2139 3923 ‚ereptum
2182 3850 2361 3922 atque
2404 3847 2692 3909 flammam

1505 3930 1805 3992 Pontificis
1848 3932 2115 3991 manibus
2156 3931 2430 3992 tonantis.

1340 4118 1655 4178 Vimariam
1698 4119 1879 4179 intret
1918 4122 2042 4178 tum
2085 4117 2325 4177 SOPHOE
2371 4119 2533 4195 TUA,

1340 4203 1504 4279 Agro
1546 4208 1612 4263 ut
1652 4205 1973 4264 modestam
2017 4202 2299 4279 grandem
2341 4203 2424 4261 ita
2465 4202 2675 4280 gloria,

1423 4289 1499 4347 Et
1542 4288 1873 4366 principum
1914 4288 2132 4348 virtute
2176 4292 2347 4365 parta
2391 4291 2450 4347 et

1508 4374 1739 4450 Ingenii
1782 4373 1990 4451 rapido
2034 4373 2253 4433 volatu.
