<?xml version="1.0" encoding="UTF-8"?>
<!DOCTYPE html PUBLIC "-//W3C//DTD XHTML 1.0 Transitional//EN"
    "http://www.w3.org/TR/xhtml1/DTD/xhtml1-transitional.dtd">
<html xmlns="http://www.w3.org/1999/xhtml" xml:lang="en" lang="en">
 <head>
  <title>
</title>
<meta http-equiv="Content-Type" content="text/html;charset=utf-8" />
  <meta name='ocr-system' content='tesseract 3.04.00' />
  <meta name='ocr-capabilities' content='ocr_page ocr_carea ocr_par ocr_line ocrx_word'/>
</head>
<body>
  <div class='ocr_page' id='page_1' title='image "./opusculaacademi00goetgoog_0220.png"; bbox 0 0 3499 5219; ppageno 0'>
   <div class='ocr_carea' id='block_1_1' title="bbox 1696 409 2264 469">
    <p class='ocr_par' dir='ltr' id='par_1_1' title="bbox 1696 409 2264 469">
     <span class='ocr_line' id='line_1_1' title="bbox 1696 409 2264 469; baseline 0.002 -1"><span class='ocrx_word' id='word_1_1' title='bbox 1696 409 2264 469; x_wconf 79' lang='lat'>——204—-</span> 
     </span>
    </p>
   </div>
   <div class='ocr_carea' id='block_1_2' title="bbox 1106 568 2802 912">
    <p class='ocr_par' dir='ltr' id='par_1_2' title="bbox 1121 568 2714 740">
     <span class='ocr_line' id='line_1_2' title="bbox 1124 568 2714 659; baseline -0.001 -25"><span class='ocrx_word' id='word_1_2' title='bbox 1124 570 1255 653; x_wconf 86' lang='grc' dir='ltr'><em>Τὴν</em></span> <span class='ocrx_word' id='word_1_3' title='bbox 1299 570 1361 634; x_wconf 71' lang='grc' dir='ltr'><em>δ’</em></span> <span class='ocrx_word' id='word_1_4' title='bbox 1411 573 1501 634; x_wconf 75' lang='grc' dir='ltr'><em>ἐπὶ</em></span> <span class='ocrx_word' id='word_1_5' title='bbox 1555 568 1952 654; x_wconf 76' lang='grc' dir='ltr'><em>Θερμώδοντι</em></span> <span class='ocrx_word' id='word_1_6' title='bbox 1999 572 2098 632; x_wconf 85' lang='grc' dir='ltr'><em>καὶ</em></span> <span class='ocrx_word' id='word_1_7' title='bbox 2134 569 2394 659; x_wconf 77' lang='grc' dir='ltr'><em>Ἀσωπῳ</em></span> <span class='ocrx_word' id='word_1_8' title='bbox 2437 573 2714 658; x_wconf 76' lang='grc' dir='ltr'><em>λεχεποίῃ</em></span> 
     </span>
     <span class='ocr_line' id='line_1_3' title="bbox 1106 637 2648 763; baseline -0.001 -43.99"><span class='ocrx_word' id='word_1_9' title='bbox 1106 657 1412 738; x_wconf 80' lang='grc' dir='ltr'><em>Ἑλλήνων</em></span> <span class='ocrx_word' id='word_1_10' title='bbox 1455 655 1714 719; x_wconf 81' lang='grc' dir='ltr'><em>σύνοδον</em></span> <span class='ocrx_word' id='word_1_11' title='bbox 1757 665 1856 718; x_wconf 85' lang='grc' dir='ltr'><em>καὶ</em></span> <span class='ocrx_word' id='word_1_12' title='bbox 1887 637 2402 763; x_wconf 79' lang='grc' dir='ltr'><em>βαρβαρόφωνον</em></span> <span class='ocrx_word' id='word_1_13' title='bbox 2445 657 2648 740; x_wconf 76' lang='grc' dir='ltr'><em>ι’ϋγήν·</em></span> 
     </span>
    </p>

    <p class='ocr_par' dir='ltr' id='par_1_3' title="bbox 1122 739 2802 910">
     <span class='ocr_line' id='line_1_4' title="bbox 1122 739 2802 846; baseline 0 -42"><span class='ocrx_word' id='word_1_14' title='bbox 1122 747 1217 825; x_wconf 83' lang='grc' dir='ltr'><em>Τῇ</em></span> <span class='ocrx_word' id='word_1_15' title='bbox 1259 743 1472 803; x_wconf 80' lang='grc' dir='ltr'><em>πολλοὶ</em></span> <span class='ocrx_word' id='word_1_16' title='bbox 1517 741 1827 804; x_wconf 74' lang='grc' dir='ltr'><em>πεσέονται</em></span> <span class='ocrx_word' id='word_1_17' title='bbox 1872 740 2024 841; x_wconf 73' lang='grc' dir='ltr'><em>ὑπὲρ</em></span> <span class='ocrx_word' id='word_1_18' title='bbox 2068 739 2373 846; x_wconf 85' lang='grc' dir='ltr'><em>Λαχεσίν</em></span> <span class='ocrx_word' id='word_1_19' title='bbox 2396 765 2461 804; x_wconf 86' lang='grc' dir='ltr'><em>τε</em></span> <span class='ocrx_word' id='word_1_20' title='bbox 2503 741 2699 825; x_wconf 85' lang='grc' dir='ltr'><em>μόρον</em></span> <span class='ocrx_word' id='word_1_21' title='bbox 2740 766 2802 805; x_wconf 88' lang='grc' dir='ltr'><em>τε</em></span> 
     </span>
     <span class='ocr_line' id='line_1_5' title="bbox 1126 816 2799 912; baseline 0.001 -25"><span class='ocrx_word' id='word_1_22' title='bbox 1126 823 1502 910; x_wconf 80' lang='grc' dir='ltr'><em>Τοξοφόρων</em></span> <span class='ocrx_word' id='word_1_23' title='bbox 1544 821 1810 907; x_wconf 73' lang='grc' dir='ltr'><em>Μήδων,</em></span> <span class='ocrx_word' id='word_1_24' title='bbox 1856 821 2005 888; x_wconf 79' lang='grc' dir='ltr'><em>ὅταν</em></span> <span class='ocrx_word' id='word_1_25' title='bbox 2049 824 2295 906; x_wconf 75' lang='grc' dir='ltr'><em>αἴσιμον</em></span> <span class='ocrx_word' id='word_1_26' title='bbox 2333 816 2504 909; x_wconf 78' lang='grc' dir='ltr'><em>ἦμαρ</em></span> <span class='ocrx_word' id='word_1_27' title='bbox 2549 827 2799 912; x_wconf 72' lang='grc' dir='ltr'><em>ἐπέλθῃ.</em></span> 
     </span>
    </p>
   </div>
   <div class='ocr_carea' id='block_1_3' title="bbox 1901 997 2055 1062">
    <p class='ocr_par' dir='ltr' id='par_1_4' title="bbox 1901 997 2055 1062">
     <span class='ocr_line' id='line_1_6' title="bbox 1901 997 2055 1062; baseline 0.006 -1"><span class='ocrx_word' id='word_1_28' title='bbox 1901 997 2055 1062; x_wconf 92' lang='lat' dir='ltr'><strong>IIII.</strong></span> 
     </span>
    </p>
   </div>
   <div class='ocr_carea' id='block_1_4' title="bbox 811 1131 3153 1317">
    <p class='ocr_par' dir='ltr' id='par_1_5' title="bbox 811 1131 3153 1317">
     <span class='ocr_line' id='line_1_7' title="bbox 983 1131 3153 1219; baseline 0.002 -21"><span class='ocrx_word' id='word_1_29' title='bbox 983 1132 1346 1215; x_wconf 80' lang='lat' dir='ltr'><strong>Sequuntur</strong></span> <span class='ocrx_word' id='word_1_30' title='bbox 1396 1132 1554 1214; x_wconf 87' lang='lat' dir='ltr'><strong>du0,</strong></span> <span class='ocrx_word' id='word_1_31' title='bbox 1611 1132 1840 1214; x_wconf 87' lang='lat' dir='ltr'><strong>quibus</strong></span> <span class='ocrx_word' id='word_1_32' title='bbox 1891 1131 2181 1215; x_wconf 86' lang='lat' dir='ltr'>inprimis</span> <span class='ocrx_word' id='word_1_33' title='bbox 2224 1153 2376 1198; x_wconf 87' lang='lat' dir='ltr'><strong>usus</strong></span> <span class='ocrx_word' id='word_1_34' title='bbox 2418 1140 2515 1199; x_wconf 82' lang='lat' dir='ltr'><em>est</em></span> <span class='ocrx_word' id='word_1_35' title='bbox 2558 1131 2712 1199; x_wconf 83' lang='lat' dir='ltr'>Cleo</span> <span class='ocrx_word' id='word_1_36' title='bbox 2758 1133 3153 1219; x_wconf 80' lang='lat' dir='ltr'><strong>demagogus</strong></span> 
     </span>
     <span class='ocr_line' id='line_1_8' title="bbox 811 1232 1786 1317; baseline -0.004 -17"><span class='ocrx_word' id='word_1_37' title='bbox 811 1232 1023 1300; x_wconf 78' lang='lat' dir='ltr'><strong>Schol.</strong></span> <span class='ocrx_word' id='word_1_38' title='bbox 1068 1234 1389 1317; x_wconf 85' lang='lat' dir='ltr'>Aristoph.</span> <span class='ocrx_word' id='word_1_39' title='bbox 1435 1235 1553 1316; x_wconf 89' lang='lat' dir='ltr'><em>Eq.</em></span> <span class='ocrx_word' id='word_1_40' title='bbox 1605 1238 1786 1299; x_wconf 82' lang='lat'>1069.</span> 
     </span>
    </p>
   </div>
   <div class='ocr_carea' id='block_1_5' title="bbox 989 1362 2946 1450">
    <p class='ocr_par' dir='ltr' id='par_1_6' title="bbox 989 1362 2946 1450">
     <span class='ocr_line' id='line_1_9' title="bbox 989 1362 2946 1450; baseline 0.001 -20"><span class='ocrx_word' id='word_1_41' title='bbox 989 1363 1157 1430; x_wconf 84' lang='grc' dir='ltr'><em>Ἔστι</em></span> <span class='ocrx_word' id='word_1_42' title='bbox 1202 1364 1416 1434; x_wconf 80' lang='grc' dir='ltr'><em>Πύλος</em></span> <span class='ocrx_word' id='word_1_43' title='bbox 1456 1365 1576 1450; x_wconf 86' lang='grc' dir='ltr'><em>πρὸ</em></span> <span class='ocrx_word' id='word_1_44' title='bbox 1619 1363 1882 1443; x_wconf 78' lang='grc' dir='ltr'><em>Πύλοιο,</em></span> <span class='ocrx_word' id='word_1_45' title='bbox 1925 1366 2142 1439; x_wconf 81' lang='grc' dir='ltr'><em>Πύλος</em></span> <span class='ocrx_word' id='word_1_46' title='bbox 2184 1390 2247 1448; x_wconf 79' lang='grc' dir='ltr'><em>γε</em></span> <span class='ocrx_word' id='word_1_47' title='bbox 2289 1366 2403 1447; x_wconf 70' lang='grc' dir='ltr'><em>μέν</em></span> <span class='ocrx_word' id='word_1_48' title='bbox 2445 1368 2571 1430; x_wconf 76' lang='grc' dir='ltr'><em>ἔστι</em></span> <span class='ocrx_word' id='word_1_49' title='bbox 2615 1362 2946 1450; x_wconf 80' lang='grc' dir='ltr'><em>καὶ“ἇ’λλη.</em></span> 
     </span>
    </p>
   </div>
   <div class='ocr_carea' id='block_1_6' title="bbox 1937 1536 2013 1602">
    <p class='ocr_par' dir='ltr' id='par_1_7' title="bbox 1937 1536 2013 1602">
     <span class='ocr_line' id='line_1_10' title="bbox 1937 1536 2013 1602; baseline -0.013 0"><span class='ocrx_word' id='word_1_50' title='bbox 1937 1536 2013 1602; x_wconf 91' lang='lat' dir='ltr'><em>V.</em></span> 
     </span>
    </p>
   </div>
   <div class='ocr_carea' id='block_1_7' title="bbox 976 1671 2354 1757">
    <p class='ocr_par' dir='ltr' id='par_1_8' title="bbox 976 1671 2354 1757">
     <span class='ocr_line' id='line_1_11' title="bbox 976 1671 2354 1757; baseline -0.001 -19"><span class='ocrx_word' id='word_1_51' title='bbox 976 1671 1188 1738; x_wconf 79' lang='lat' dir='ltr'>Schol.</span> <span class='ocrx_word' id='word_1_52' title='bbox 1232 1673 1557 1757; x_wconf 85' lang='lat' dir='ltr'>Aristoph.</span> <span class='ocrx_word' id='word_1_53' title='bbox 1600 1674 1719 1755; x_wconf 88' lang='lat' dir='ltr'><em>Eq.</em></span> <span class='ocrx_word' id='word_1_54' title='bbox 1771 1677 1954 1738; x_wconf 83' lang='lat'><strong>1022.</strong></span> <span class='ocrx_word' id='word_1_55' title='bbox 1998 1673 2163 1738; x_wconf 85' lang='lat' dir='ltr'><strong>Avv.</strong></span> <span class='ocrx_word' id='word_1_56' title='bbox 2211 1675 2354 1739; x_wconf 85' lang='lat'><strong>978.</strong></span> 
     </span>
    </p>
   </div>
   <div class='ocr_carea' id='block_1_8' title="bbox 1085 1801 2858 2058">
    <p class='ocr_par' dir='ltr' id='par_1_9' title="bbox 1085 1801 2838 2058">
     <span class='ocr_line' id='line_1_12' title="bbox 1085 1801 2517 1914; baseline 0 -47"><span class='ocrx_word' id='word_1_57' title='bbox 1085 1801 1406 1884; x_wconf 80' lang='grc' dir='ltr'><em>Ευὸαιμον</em></span> <span class='ocrx_word' id='word_1_58' title='bbox 1447 1807 1819 1888; x_wconf 72' lang='grc' dir='ltr'><em>πτολίεθρον</em></span> <span class='ocrx_word' id='word_1_59' title='bbox 1850 1803 2188 1887; x_wconf 75' lang='grc' dir='ltr'><em>Ἀθηναίης</em></span> <span class='ocrx_word' id='word_1_60' title='bbox 2231 1803 2517 1914; x_wconf 46' lang='grc' dir='ltr'><em>ἀγελείης,</em></span> 
     </span>
     <span class='ocr_line' id='line_1_13' title="bbox 1086 1888 2858 1975; baseline 0.001 -23"><span class='ocrx_word' id='word_1_61' title='bbox 1086 1891 1311 1952; x_wconf 80' lang='grc' dir='ltr'><em>Πολλὰ</em></span> <span class='ocrx_word' id='word_1_62' title='bbox 1355 1891 1490 1953; x_wconf 76' lang='grc' dir='ltr'><em>ἰὸὸν</em></span> <span class='ocrx_word' id='word_1_63' title='bbox 1530 1892 1630 1952; x_wconf 82' lang='grc' dir='ltr'><em>καὶ</em></span> <span class='ocrx_word' id='word_1_64' title='bbox 1675 1888 1874 1951; x_wconf 88' lang='grc' dir='ltr'><em>πολλα</em></span> <span class='ocrx_word' id='word_1_65' title='bbox 1916 1891 2126 1953; x_wconf 71' lang='grc' dir='ltr'><em>παθὸν</em></span> <span class='ocrx_word' id='word_1_66' title='bbox 2167 1915 2274 1956; x_wconf 88' lang='grc' dir='ltr'><em>και</em></span> <span class='ocrx_word' id='word_1_67' title='bbox 2316 1894 2514 1952; x_wconf 87' lang='grc' dir='ltr'><em>πολλα</em></span> <span class='ocrx_word' id='word_1_68' title='bbox 2556 1899 2858 1975; x_wconf 82' lang='grc' dir='ltr'><em>μογῆσαν,</em></span> 
     </span>
     <span class='ocr_line' id='line_1_14' title="bbox 1089 1971 2580 2058; baseline 0.001 -22"><span class='ocrx_word' id='word_1_69' title='bbox 1089 1975 1319 2049; x_wconf 80' lang='grc' dir='ltr'><em>Λῗετός</em></span> <span class='ocrx_word' id='word_1_70' title='bbox 1361 1976 1424 2037; x_wconf 77' lang='grc' dir='ltr'><em>ἐν</em></span> <span class='ocrx_word' id='word_1_71' title='bbox 1465 1976 1744 2058; x_wconf 73' lang='grc' dir='ltr'><em>νεφέλησι</em></span> <span class='ocrx_word' id='word_1_72' title='bbox 1789 1971 2064 2057; x_wconf 81' lang='grc' dir='ltr'><em>γενήσεαι</em></span> <span class='ocrx_word' id='word_1_73' title='bbox 2109 1971 2320 2056; x_wconf 81' lang='grc' dir='ltr'><em>ἤματα</em></span> <span class='ocrx_word' id='word_1_74' title='bbox 2363 1972 2580 2039; x_wconf 82' lang='grc' dir='ltr'><em>πάντα.</em></span> 
     </span>
    </p>
   </div>
   <div class='ocr_carea' id='block_1_9' title="bbox 1925 2145 2036 2211">
    <p class='ocr_par' dir='ltr' id='par_1_10' title="bbox 1925 2145 2036 2211">
     <span class='ocr_line' id='line_1_15' title="bbox 1925 2145 2036 2211; baseline -0.009 0"><span class='ocrx_word' id='word_1_75' title='bbox 1925 2145 2036 2211; x_wconf 90' lang='lat' dir='ltr'><em>VI.</em></span> 
     </span>
    </p>
   </div>
   <div class='ocr_carea' id='block_1_10' title="bbox 806 2279 3139 2565">
    <p class='ocr_par' dir='ltr' id='par_1_11' title="bbox 806 2279 3139 2565">
     <span class='ocr_line' id='line_1_16' title="bbox 974 2279 3139 2365; baseline 0.001 -20"><span class='ocrx_word' id='word_1_76' title='bbox 974 2279 1275 2363; x_wconf 83' lang='lat' dir='ltr'><strong>Inprimis</strong></span> <span class='ocrx_word' id='word_1_77' title='bbox 1318 2279 1853 2363; x_wconf 85' lang='lat' dir='ltr'>Epaminondam,</span> <span class='ocrx_word' id='word_1_78' title='bbox 1912 2300 2104 2363; x_wconf 86' lang='lat' dir='ltr'><strong>quum</strong></span> <span class='ocrx_word' id='word_1_79' title='bbox 2149 2280 2501 2347; x_wconf 80' lang='lat' dir='ltr'>Messenios</span> <span class='ocrx_word' id='word_1_80' title='bbox 2541 2281 2921 2365; x_wconf 82' lang='lat' dir='ltr'><strong>restitueret,</strong></span> <span class='ocrx_word' id='word_1_81' title='bbox 2967 2284 3139 2351; x_wconf 75' lang='lat' dir='ltr'><strong>Baci-</strong></span> 
     </span>
     <span class='ocr_line' id='line_1_17' title="bbox 806 2381 3019 2467; baseline 0.001 -19"><span class='ocrx_word' id='word_1_82' title='bbox 806 2382 905 2448; x_wconf 81' lang='lat' dir='ltr'><em>dis</em></span> <span class='ocrx_word' id='word_1_83' title='bbox 949 2381 1224 2465; x_wconf 89' lang='lat' dir='ltr'><strong>quodam</strong></span> <span class='ocrx_word' id='word_1_84' title='bbox 1267 2382 1569 2448; x_wconf 82' lang='lat' dir='ltr'><strong>vaticinio</strong></span> <span class='ocrx_word' id='word_1_85' title='bbox 1613 2383 1912 2448; x_wconf 80' lang='lat' dir='ltr'><strong>adactum</strong></span> <span class='ocrx_word' id='word_1_86' title='bbox 1956 2401 2099 2448; x_wconf 82' lang='lat' dir='ltr'>esse</span> <span class='ocrx_word' id='word_1_87' title='bbox 2140 2382 2393 2448; x_wconf 81' lang='lat' dir='ltr'><strong>fuerunt</strong></span> <span class='ocrx_word' id='word_1_88' title='bbox 2435 2382 2541 2465; x_wconf 90' lang='lat' dir='ltr'><em>qui</em></span> <span class='ocrx_word' id='word_1_89' title='bbox 2586 2383 3019 2467; x_wconf 79' lang='lat' dir='ltr'><strong>opinarentur.</strong></span> 
     </span>
     <span class='ocr_line' id='line_1_18' title="bbox 974 2476 3137 2565; baseline 0.001 -18"><span class='ocrx_word' id='word_1_90' title='bbox 974 2483 1329 2547; x_wconf 80' lang='lat' dir='ltr'><em>Pausanias</em></span> <span class='ocrx_word' id='word_1_91' title='bbox 1372 2483 1484 2565; x_wconf 85' lang='lat' dir='ltr'><em>IV,</em></span> <span class='ocrx_word' id='word_1_92' title='bbox 1530 2488 1631 2550; x_wconf 83' lang='lat'><em>27.</em></span> <span class='ocrx_word' id='word_1_93' title='bbox 1692 2482 2019 2547; x_wconf 85' lang='grc' dir='ltr'><em>Μάλιστα</em></span> <span class='ocrx_word' id='word_1_94' title='bbox 2070 2484 2140 2548; x_wconf 80' lang='grc' dir='ltr'><em>δὲ</em></span> <span class='ocrx_word' id='word_1_95' title='bbox 2184 2482 2297 2547; x_wconf 89' lang='grc' dir='ltr'><em>τὸν</em></span> <span class='ocrx_word' id='word_1_96' title='bbox 2338 2476 2872 2564; x_wconf 80' lang='grc' dir='ltr'><em>Ἐπαμεινώνδαν</em></span> <span class='ocrx_word' id='word_1_97' title='bbox 2919 2484 2987 2563; x_wconf 80' lang='grc' dir='ltr'><em>ἒς</em></span> <span class='ocrx_word' id='word_1_98' title='bbox 3029 2484 3137 2550; x_wconf 88' lang='grc' dir='ltr'><em>τὸν</em></span> 
     </span>
    </p>
   </div>
   <div class='ocr_carea' id='block_1_11' title="bbox 804 2580 3138 2873">
    <p class='ocr_par' dir='ltr' id='par_1_12' title="bbox 804 2580 3138 2873">
     <span class='ocr_line' id='line_1_19' title="bbox 808 2580 3138 2677; baseline 0.001 -28"><span class='ocrx_word' id='word_1_99' title='bbox 808 2581 1109 2666; x_wconf 82' lang='grc' dir='ltr'><em>οἰκισμὸν</em></span> <span class='ocrx_word' id='word_1_100' title='bbox 1168 2581 1231 2648; x_wconf 78' lang='grc' dir='ltr'><em>οἳ</em></span> <span class='ocrx_word' id='word_1_101' title='bbox 1275 2582 1563 2662; x_wconf 83' lang='grc' dir='ltr'><em>Βάκιδος</em></span> <span class='ocrx_word' id='word_1_102' title='bbox 1620 2582 1845 2670; x_wconf 74' lang='grc' dir='ltr'><em>ἐνῆγον</em></span> <span class='ocrx_word' id='word_1_103' title='bbox 1902 2580 2215 2671; x_wconf 86' lang='grc' dir='ltr'><em>χρησμοί·</em></span> <span class='ocrx_word' id='word_1_104' title='bbox 2283 2582 2527 2677; x_wconf 34' lang='grc' dir='ltr'><em>Βάκιδι.</em></span> <span class='ocrx_word' id='word_1_105' title='bbox 2570 2585 2691 2670; x_wconf 79' lang='grc' dir='ltr'><em>γὰρ</em></span> <span class='ocrx_word' id='word_1_106' title='bbox 2748 2590 3021 2667; x_wconf 85' lang='grc' dir='ltr'><em>μανέντι</em></span> <span class='ocrx_word' id='word_1_107' title='bbox 3077 2586 3138 2653; x_wconf 78' lang='grc' dir='ltr'><em>ἐκ</em></span> 
     </span>
     <span class='ocr_line' id='line_1_20' title="bbox 807 2682 3137 2775; baseline 0.002 -25"><span class='ocrx_word' id='word_1_108' title='bbox 807 2686 1107 2770; x_wconf 83' lang='grc' dir='ltr'><em>Νυμφῶν</em></span> <span class='ocrx_word' id='word_1_109' title='bbox 1168 2683 1235 2761; x_wconf 74' lang='grc' dir='ltr'><em>ἐς</em></span> <span class='ocrx_word' id='word_1_110' title='bbox 1291 2684 1530 2763; x_wconf 76' lang='grc' dir='ltr'><em>ἄλλους</em></span> <span class='ocrx_word' id='word_1_111' title='bbox 1585 2691 1656 2750; x_wconf 86' lang='grc' dir='ltr'><em>τέ</em></span> <span class='ocrx_word' id='word_1_112' title='bbox 1711 2685 1889 2751; x_wconf 73' lang='grc' dir='ltr'><em>ἐστιν</em></span> <span class='ocrx_word' id='word_1_113' title='bbox 1928 2682 2249 2771; x_wconf 84' lang='grc' dir='ltr'><em>Ἑλλήνων</em></span> <span class='ocrx_word' id='word_1_114' title='bbox 2307 2686 2418 2752; x_wconf 85' lang='grc' dir='ltr'><em>καὶ</em></span> <span class='ocrx_word' id='word_1_115' title='bbox 2470 2685 2536 2764; x_wconf 77' lang='grc' dir='ltr'><em>ἐς</em></span> <span class='ocrx_word' id='word_1_116' title='bbox 2578 2684 2693 2772; x_wconf 82' lang='grc' dir='ltr'><em>τήν</em></span> <span class='ocrx_word' id='word_1_117' title='bbox 2738 2692 3137 2775; x_wconf 81' lang='grc' dir='ltr'><em>Μεσσηνίων</em></span> 
     </span>
     <span class='ocr_line' id='line_1_21' title="bbox 804 2785 1615 2873; baseline -0.003 -20"><span class='ocrx_word' id='word_1_118' title='bbox 804 2785 1098 2853; x_wconf 74' lang='grc' dir='ltr'><em>κάθοδον</em></span> <span class='ocrx_word' id='word_1_119' title='bbox 1142 2792 1615 2873; x_wconf 79' lang='grc' dir='ltr'><em>προειρημένα·</em></span> 
     </span>
    </p>
   </div>
   <div class='ocr_carea' id='block_1_12' title="bbox 1027 2918 2912 3090">
    <p class='ocr_par' dir='ltr' id='par_1_13' title="bbox 1027 2918 2912 3090">
     <span class='ocr_line' id='line_1_22' title="bbox 1027 2918 2912 3026; baseline 0.002 -43"><span class='ocrx_word' id='word_1_120' title='bbox 1027 2922 1156 2983; x_wconf 86' lang='grc' dir='ltr'><em>Και</em></span> <span class='ocrx_word' id='word_1_121' title='bbox 1201 2919 1336 2983; x_wconf 88' lang='grc' dir='ltr'><em>τότε</em></span> <span class='ocrx_word' id='word_1_122' title='bbox 1383 2918 1457 3000; x_wconf 76' lang='grc' dir='ltr'><em>δὴ</em></span> <span class='ocrx_word' id='word_1_123' title='bbox 1501 2919 1794 3026; x_wconf 78' lang='grc' dir='ltr'><em>Σπάρτης</em></span> <span class='ocrx_word' id='word_1_124' title='bbox 1832 2923 1946 3003; x_wconf 76' lang='grc' dir='ltr'><em>μὲν</em></span> <span class='ocrx_word' id='word_1_125' title='bbox 1988 2921 2101 2984; x_wconf 79' lang='grc' dir='ltr'><em>ἀπ’</em></span> <span class='ocrx_word' id='word_1_126' title='bbox 2152 2920 2381 3005; x_wconf 79' lang='grc' dir='ltr'><em>ἀγλαὸν</em></span> <span class='ocrx_word' id='word_1_127' title='bbox 2423 2920 2620 2996; x_wconf 63' lang='lat' dir='ltr'><em>aar-909</em></span> <span class='ocrx_word' id='word_1_128' title='bbox 2663 2920 2912 3003; x_wconf 82' lang='grc' dir='ltr'><em>ὀλεῖται,</em></span> 
     </span>
     <span class='ocr_line' id='line_1_23' title="bbox 1028 2997 2550 3090; baseline 0 -21"><span class='ocrx_word' id='word_1_129' title='bbox 1028 3002 1331 3088; x_wconf 83' lang='grc' dir='ltr'><em>Μεσσήνη</em></span> <span class='ocrx_word' id='word_1_130' title='bbox 1379 3004 1443 3067; x_wconf 77' lang='grc' dir='ltr'><em>δ’</em></span> <span class='ocrx_word' id='word_1_131' title='bbox 1492 2997 1681 3080; x_wconf 65' lang='lat' dir='ltr'><em>etv-974:</em></span> <span class='ocrx_word' id='word_1_132' title='bbox 1724 3011 2033 3090; x_wconf 80' lang='grc' dir='ltr'><em>οικησεται</em></span> <span class='ocrx_word' id='word_1_133' title='bbox 2077 3005 2290 3089; x_wconf 84' lang='grc' dir='ltr'><em>η’ματα</em></span> <span class='ocrx_word' id='word_1_134' title='bbox 2333 3005 2550 3079; x_wconf 84' lang='grc' dir='ltr'><em>πάντα.</em></span> 
     </span>
    </p>
   </div>
   <div class='ocr_carea' id='block_1_13' title="bbox 802 3140 3138 3333">
    <p class='ocr_par' dir='ltr' id='par_1_14' title="bbox 802 3140 3138 3333">
     <span class='ocr_line' id='line_1_24' title="bbox 802 3140 3138 3232; baseline 0.003 -24"><span class='ocrx_word' id='word_1_135' title='bbox 802 3141 951 3227; x_wconf 78' lang='grc' dir='ltr'><em>Εγιὺ</em></span> <span class='ocrx_word' id='word_1_136' title='bbox 1010 3141 1083 3208; x_wconf 77' lang='grc' dir='ltr'><em>δὲ</em></span> <span class='ocrx_word' id='word_1_137' title='bbox 1139 3168 1244 3207; x_wconf 87' lang='grc' dir='ltr'><em>και</em></span> <span class='ocrx_word' id='word_1_138' title='bbox 1304 3145 1461 3225; x_wconf 85' lang='grc' dir='ltr'><em>περὶ</em></span> <span class='ocrx_word' id='word_1_139' title='bbox 1515 3146 1629 3229; x_wconf 77' lang='grc' dir='ltr'><em>τῆς</em></span> <span class='ocrx_word' id='word_1_140' title='bbox 1685 3143 1894 3228; x_wconf 72' lang='grc' dir='ltr'><em>Εἴρας</em></span> <span class='ocrx_word' id='word_1_141' title='bbox 1949 3140 2173 3210; x_wconf 87' lang='grc' dir='ltr'><em>όντινα</em></span> <span class='ocrx_word' id='word_1_142' title='bbox 2229 3141 2559 3212; x_wconf 76' lang='grc' dir='ltr'><em>ἁλώσοιτο</em></span> <span class='ocrx_word' id='word_1_143' title='bbox 2625 3145 2876 3232; x_wconf 87' lang='grc' dir='ltr'><em>τρόπον</em></span> <span class='ocrx_word' id='word_1_144' title='bbox 2940 3146 3138 3214; x_wconf 87' lang='grc' dir='ltr'><em>Βάκιν</em></span> 
     </span>
     <span class='ocr_line' id='line_1_25' title="bbox 805 3241 2845 3333; baseline 0.001 -23"><span class='ocrx_word' id='word_1_145' title='bbox 805 3241 1123 3331; x_wconf 70' lang='grc' dir='ltr'><em>ἐφώρασα</em></span> <span class='ocrx_word' id='word_1_146' title='bbox 1168 3242 1486 3330; x_wconf 75' lang='grc' dir='ltr'><em>εἰρηκότα.</em></span> <span class='ocrx_word' id='word_1_147' title='bbox 1535 3247 1640 3309; x_wconf 83' lang='grc' dir='ltr'><em>καὶ</em></span> <span class='ocrx_word' id='word_1_148' title='bbox 1689 3245 1754 3310; x_wconf 81' lang='grc' dir='ltr'><em>οἱ</em></span> <span class='ocrx_word' id='word_1_149' title='bbox 1798 3248 1902 3311; x_wconf 84' lang='grc' dir='ltr'><em>καὶ</em></span> <span class='ocrx_word' id='word_1_150' title='bbox 1950 3245 2102 3311; x_wconf 76' lang='grc' dir='ltr'><em>τόδε</em></span> <span class='ocrx_word' id='word_1_151' title='bbox 2147 3246 2289 3314; x_wconf 77' lang='grc' dir='ltr'><em>ἐστὶ</em></span> <span class='ocrx_word' id='word_1_152' title='bbox 2332 3250 2464 3312; x_wconf 90' lang='grc' dir='ltr'><em>τῶν</em></span> <span class='ocrx_word' id='word_1_153' title='bbox 2502 3253 2845 3333; x_wconf 82' lang='grc' dir='ltr'><em>χρησμῶν·</em></span> 
     </span>
    </p>
   </div>
   <div class='ocr_carea' id='block_1_14' title="bbox 1064 3375 2896 3468">
    <p class='ocr_par' dir='ltr' id='par_1_15' title="bbox 1064 3375 2896 3468">
     <span class='ocr_line' id='line_1_26' title="bbox 1064 3375 2896 3468; baseline 0.003 -28"><span class='ocrx_word' id='word_1_154' title='bbox 1064 3377 1151 3440; x_wconf 77' lang='grc' dir='ltr'><em>Οἵ</em></span> <span class='ocrx_word' id='word_1_155' title='bbox 1185 3375 1248 3441; x_wconf 71' lang='grc' dir='ltr'><em>τ’</em></span> <span class='ocrx_word' id='word_1_156' title='bbox 1299 3375 1418 3440; x_wconf 86' lang='grc' dir='ltr'><em>απὸ</em></span> <span class='ocrx_word' id='word_1_157' title='bbox 1463 3378 1801 3461; x_wconf 87' lang='grc' dir='ltr'><em>Μεσσήνης</em></span> <span class='ocrx_word' id='word_1_158' title='bbox 1841 3378 2098 3468; x_wconf 81' lang='grc' dir='ltr'><em>πατάγω</em></span> <span class='ocrx_word' id='word_1_159' title='bbox 2142 3390 2420 3465; x_wconf 85' lang='grc' dir='ltr'><em>κρουνοῖς</em></span> <span class='ocrx_word' id='word_1_160' title='bbox 2460 3405 2524 3446; x_wconf 85' lang='grc' dir='ltr'><em>τε</em></span> <span class='ocrx_word' id='word_1_161' title='bbox 2570 3383 2896 3463; x_wconf 76' lang='grc' dir='ltr'><em>δαμείσης·</em></span> 
     </span>
    </p>
   </div>
   <div class='ocr_carea' id='block_1_15' title="bbox 802 3508 3140 3702">
    <p class='ocr_par' dir='ltr' id='par_1_16' title="bbox 802 3508 3140 3702">
     <span class='ocr_line' id='line_1_27' title="bbox 807 3508 3140 3603; baseline 0.002 -24"><span class='ocrx_word' id='word_1_162' title='bbox 807 3508 898 3591; x_wconf 84' lang='grc' dir='ltr'><em>ῶς</em></span> <span class='ocrx_word' id='word_1_163' title='bbox 942 3514 1013 3579; x_wconf 78' lang='grc' dir='ltr'><em>δὲ</em></span> <span class='ocrx_word' id='word_1_164' title='bbox 1057 3508 1094 3598; x_wconf 81' lang='grc' dir='ltr'>ἡ</span> <span class='ocrx_word' id='word_1_165' title='bbox 1141 3512 1362 3598; x_wconf 87' lang='grc' dir='ltr'><em>τελετή</em></span> <span class='ocrx_word' id='word_1_166' title='bbox 1413 3536 1645 3599; x_wconf 84' lang='grc' dir='ltr'><em>σφισιν</em></span> <span class='ocrx_word' id='word_1_167' title='bbox 1691 3510 2003 3602; x_wconf 74' lang='grc' dir='ltr'><em>ἀνεύρητο</em></span> <span class='ocrx_word' id='word_1_168' title='bbox 2061 3514 2299 3601; x_wconf 88' lang='grc' dir='ltr'><em>ταύτην</em></span> <span class='ocrx_word' id='word_1_169' title='bbox 2355 3518 2473 3600; x_wconf 83' lang='grc' dir='ltr'><em>μὲν</em></span> <span class='ocrx_word' id='word_1_170' title='bbox 2534 3513 2684 3583; x_wconf 79' lang='grc' dir='ltr'><em>ὅσοι</em></span> <span class='ocrx_word' id='word_1_171' title='bbox 2743 3520 2861 3583; x_wconf 77' lang='grc' dir='ltr'><em>τοῦ</em></span> <span class='ocrx_word' id='word_1_172' title='bbox 2917 3525 3140 3603; x_wconf 75' lang='grc' dir='ltr'><em>γένους</em></span> 
     </span>
     <span class='ocr_line' id='line_1_28' title="bbox 802 3613 2324 3702; baseline 0.001 -22"><span class='ocrx_word' id='word_1_173' title='bbox 802 3617 933 3680; x_wconf 91' lang='grc' dir='ltr'><em>τῶν</em></span> <span class='ocrx_word' id='word_1_174' title='bbox 981 3613 1205 3701; x_wconf 79' lang='grc' dir='ltr'><em>ἱερέων</em></span> <span class='ocrx_word' id='word_1_175' title='bbox 1248 3617 1414 3700; x_wconf 81' lang='grc' dir='ltr'><em>ἦσαν</em></span> <span class='ocrx_word' id='word_1_176' title='bbox 1460 3621 1881 3682; x_wconf 74' lang='grc' dir='ltr'><em>κατετίθεντο</em></span> <span class='ocrx_word' id='word_1_177' title='bbox 1928 3616 1995 3695; x_wconf 78' lang='grc' dir='ltr'><em>ἐς</em></span> <span class='ocrx_word' id='word_1_178' title='bbox 2036 3617 2324 3702; x_wconf 77' lang='grc' dir='ltr'><em>βίβλους.</em></span> 
     </span>
    </p>
   </div>
   <div class='ocr_carea' id='block_1_16' title="bbox 1899 3786 2045 3854">
    <p class='ocr_par' dir='ltr' id='par_1_17' title="bbox 1899 3786 2045 3854">
     <span class='ocr_line' id='line_1_29' title="bbox 1899 3786 2045 3854; baseline 0.007 -2"><span class='ocrx_word' id='word_1_179' title='bbox 1899 3786 2045 3854; x_wconf 91' lang='lat' dir='ltr'><strong>VII.</strong></span> 
     </span>
    </p>
   </div>
   <div class='ocr_carea' id='block_1_17' title="bbox 794 3910 3135 4208">
    <p class='ocr_par' dir='ltr' id='par_1_18' title="bbox 794 3910 3135 4208">
     <span class='ocr_line' id='line_1_30' title="bbox 970 3910 3135 4005; baseline 0.003 -21"><span class='ocrx_word' id='word_1_180' title='bbox 970 3920 1324 3987; x_wconf 73' lang='lat' dir='ltr'><em>Pausanias</em></span> <span class='ocrx_word' id='word_1_181' title='bbox 1366 3920 1496 4005; x_wconf 84' lang='lat' dir='ltr'><em>IX,</em></span> <span class='ocrx_word' id='word_1_182' title='bbox 1561 3927 1657 3987; x_wconf 89' lang='lat'><em>17.</em></span> <span class='ocrx_word' id='word_1_183' title='bbox 1715 3924 1922 3986; x_wconf 81' lang='grc' dir='ltr'><em>ταῦτα</em></span> <span class='ocrx_word' id='word_1_184' title='bbox 1982 3924 2052 3988; x_wconf 80' lang='grc' dir='ltr'><em>δὲ</em></span> <span class='ocrx_word' id='word_1_185' title='bbox 2112 3923 2180 3988; x_wconf 82' lang='grc' dir='ltr'><em>αἱ</em></span> <span class='ocrx_word' id='word_1_186' title='bbox 2236 3921 2469 4001; x_wconf 85' lang='grc' dir='ltr'><em>πόλεις</em></span> <span class='ocrx_word' id='word_1_187' title='bbox 2526 3910 2723 3988; x_wconf 76' lang='grc' dir='ltr'><em>αὗται</em></span> <span class='ocrx_word' id='word_1_188' title='bbox 2776 3922 3135 3990; x_wconf 85' lang='grc' dir='ltr'><em>πεπιστεύ-</em></span> 
     </span>
     <span class='ocr_line' id='line_1_31' title="bbox 799 4018 3134 4110; baseline 0.002 -24"><span class='ocrx_word' id='word_1_189' title='bbox 799 4042 992 4086; x_wconf 86' lang='grc' dir='ltr'><em>κασιν</em></span> <span class='ocrx_word' id='word_1_190' title='bbox 1052 4018 1119 4085; x_wconf 70' lang='grc' dir='ltr'><em>ἐκ</em></span> <span class='ocrx_word' id='word_1_191' title='bbox 1171 4023 1477 4106; x_wconf 84' lang='grc' dir='ltr'><em>χρησμῶν</em></span> <span class='ocrx_word' id='word_1_192' title='bbox 1531 4023 1649 4086; x_wconf 81' lang='grc' dir='ltr'><em>τοῦ</em></span> <span class='ocrx_word' id='word_1_193' title='bbox 1708 4021 2014 4101; x_wconf 82' lang='grc' dir='ltr'><em>Βάκιδος.</em></span> <span class='ocrx_word' id='word_1_194' title='bbox 2091 4023 2231 4090; x_wconf 72' lang='grc' dir='ltr'><em>ἔστι</em></span> <span class='ocrx_word' id='word_1_195' title='bbox 2294 4023 2415 4110; x_wconf 79' lang='grc' dir='ltr'><em>γὰρ</em></span> <span class='ocrx_word' id='word_1_196' title='bbox 2483 4026 2589 4090; x_wconf 87' lang='grc' dir='ltr'><em>καὶ</em></span> <span class='ocrx_word' id='word_1_197' title='bbox 2656 4022 2814 4089; x_wconf 82' lang='grc' dir='ltr'><em>τάδε</em></span> <span class='ocrx_word' id='word_1_198' title='bbox 2874 4023 2941 4092; x_wconf 81' lang='grc' dir='ltr'><em>ἒν</em></span> <span class='ocrx_word' id='word_1_199' title='bbox 2996 4030 3134 4104; x_wconf 84' lang='grc' dir='ltr'><em>τοῖς</em></span> 
     </span>
     <span class='ocr_line' id='line_1_32' title="bbox 794 4125 1147 4208; baseline -0.003 -3"><span class='ocrx_word' id='word_1_200' title='bbox 794 4125 1147 4208; x_wconf 74' lang='grc' dir='ltr'><em>χρησμοῖς·</em></span> 
     </span>
    </p>
   </div>
   <div class='ocr_carea' id='block_1_18' title="bbox 1067 4253 2800 4446">
    <p class='ocr_par' dir='ltr' id='par_1_19' title="bbox 1067 4253 2800 4428">
     <span class='ocr_line' id='line_1_33' title="bbox 1067 4253 2717 4365; baseline 0.003 -46"><span class='ocrx_word' id='word_1_201' title='bbox 1067 4253 1230 4319; x_wconf 76' lang='grc' dir='ltr'><em>Ἀλλ’</em></span> <span class='ocrx_word' id='word_1_202' title='bbox 1277 4254 1458 4320; x_wconf 75' lang='grc' dir='ltr'><em>ὁπότ’</em></span> <span class='ocrx_word' id='word_1_203' title='bbox 1504 4253 1580 4318; x_wconf 75' lang='grc' dir='ltr'><em>ἂν</em></span> <span class='ocrx_word' id='word_1_204' title='bbox 1629 4258 1939 4362; x_wconf 73' lang='grc' dir='ltr'><em>Τιθορεὺς</em></span> <span class='ocrx_word' id='word_1_205' title='bbox 1965 4255 2272 4365; x_wconf 45' lang='grc' dir='ltr'><em>Ἀμφιῑὶονι</em></span> <span class='ocrx_word' id='word_1_206' title='bbox 2297 4285 2361 4324; x_wconf 87' lang='grc' dir='ltr'><em>τε</em></span> <span class='ocrx_word' id='word_1_207' title='bbox 2404 4257 2609 4346; x_wconf 73' lang='grc' dir='ltr'><em>Ζήθῳ</em></span> <span class='ocrx_word' id='word_1_208' title='bbox 2653 4285 2717 4324; x_wconf 89' lang='grc' dir='ltr'><em>τε</em></span> 
     </span>
     <span class='ocr_line' id='line_1_34' title="bbox 1080 4338 2800 4446; baseline 0.003 -42"><span class='ocrx_word' id='word_1_209' title='bbox 1080 4338 1303 4404; x_wconf 86' lang='grc' dir='ltr'><em>Χύτλα</em></span> <span class='ocrx_word' id='word_1_210' title='bbox 1347 4342 1448 4404; x_wconf 84' lang='grc' dir='ltr'><em>καὶ</em></span> <span class='ocrx_word' id='word_1_211' title='bbox 1493 4338 1764 4446; x_wconf 76' lang='grc' dir='ltr'><em>ευχωλάς</em></span> <span class='ocrx_word' id='word_1_212' title='bbox 1803 4340 2170 4426; x_wconf 82' lang='grc' dir='ltr'><em>μειλίγματά</em></span> <span class='ocrx_word' id='word_1_213' title='bbox 2213 4343 2272 4408; x_wconf 78' lang='grc' dir='ltr'><em>τ’</em></span> <span class='ocrx_word' id='word_1_214' title='bbox 2322 4371 2385 4409; x_wconf 91' lang='grc' dir='ltr'><em>εν</em></span> <span class='ocrx_word' id='word_1_215' title='bbox 2414 4348 2609 4425; x_wconf 75' lang='grc' dir='ltr'><em>χθονὶ</em></span> <span class='ocrx_word' id='word_1_216' title='bbox 2646 4342 2800 4430; x_wconf 82' lang='grc' dir='ltr'><em>χεύῃ</em></span> 
     </span>
    </p>
   </div>
   <div class='ocr_carea' id='block_1_19' title="bbox 3426 3039 3434 3746">
    <p class='ocr_par' dir='ltr' id='par_1_20' title="bbox 3426 3039 3434 3746">
     <span class='ocr_line' id='line_1_35' title="bbox 3426 3039 3434 3746; baseline 0 0"><span class='ocrx_word' id='word_1_217' title='bbox 3426 3039 3434 3746; x_wconf 95' lang='lat' dir='ltr'><em> </em></span> 
     </span>
    </p>
   </div>
   <div class='ocr_carea' id='block_1_20' title="bbox 3426 3039 3434 3746">
    <p class='ocr_par' dir='ltr' id='par_1_21' title="bbox 3426 3039 3434 3746">
     <span class='ocr_line' id='line_1_36' title="bbox 3426 3039 3434 3746; baseline 0 0"><span class='ocrx_word' id='word_1_218' title='bbox 3426 3039 3434 3746; x_wconf 95' lang='lat' dir='ltr'><em> </em></span> 
     </span>
    </p>
   </div>
   <div class='ocr_carea' id='block_1_21' title="bbox 3425 3947 3435 4982">
    <p class='ocr_par' dir='ltr' id='par_1_22' title="bbox 3425 3947 3435 4982">
     <span class='ocr_line' id='line_1_37' title="bbox 3425 3947 3435 4982; baseline 0 0"><span class='ocrx_word' id='word_1_219' title='bbox 3425 3947 3435 4982; x_wconf 95' lang='lat' dir='ltr'><em> </em></span> 
     </span>
    </p>
   </div>
  </div>
 </body>
</html>
