3499 5219
1659 371 2225 433 ——252-—

776 546 1011 629 dignae
1066 551 1213 609 sunt
1271 561 1492 608 omnes
1544 542 1707 608 istae
1764 539 2121 606 sententiae
2178 538 2406 620 quibus
2461 541 2880 624 interroganti
2923 542 3121 609 Calli·
3157 552 3166 557 “

774 649 1002 712 macho
1045 645 1452 730 respondisse
1506 645 1619 709 ille
1661 643 1934 724 fingitur.
2022 640 2117 706 Ac
2160 640 2435 723 primum
2490 641 2747 724 quidem
2792 646 3119 726 quaeritur

776 755 842 814 τί
870 746 953 813 τὰ
983 747 1215 827 vso-9⁶,-
1261 747 1456 813 simili
1497 745 1689 810 modo
1732 751 1925 827 atque
1965 742 2141 827 apud
2171 742 2542 826 Euripidem
2573 744 2716 827 Iph.
2747 744 2895 809 Aul.
2933 750 3117 811 125¹.

784 850 878 914 Τὸ
911 852 1055 936 φῶς
1084 842 1229 913 τόδ’
1280 842 1746 929 ἀνθρώποισιν
1793 841 2064 933 ἥδιστον
2093 844 2383 927 βλέπειν,
2430 842 2513 908 τὰ
2542 850 2743 929 νέρθε
2791 839 2853 908 δ’
2906 840 3115 914 οὐδέν.

777 952 1254 1037 Respondetur:
1301 947 1475 1014 πολὺ
1522 945 1774 1025 σκότος,
1821 947 2171 1014 secundum
2202 954 2487 1012 veterem
2530 947 2785 1030 famam,
2834 951 2935 1013 cui
2963 951 3120 1015 addi

778 1062 1028 1141 poterat
1071 1056 1274 1119 lutum
1329 1052 1597 1116 multum
1641 1050 1816 1135 apud
1869 1049 2108 1115 inferos
2161 1048 2465 1130 inveniri,
2525 1057 2594 1114 ut
2649 1052 2826 1134 apud
2876 1053 3120 1118 Aristo-

778 1159 1059 1242 phanem
1102 1157 1265 1220 Rau.
1312 1157 1456 1219 273.
1541 1154 1794 1217 AION.
1853 1148 1921 1215 τί
1965 1149 2106 1214 ἔστι
2148 1143 2553 1229 τᾶνταυθοῖ;
2611 1151 2823 1218 ΞΑΝ.
2886 1151 3120 1230 σκότος

779 1259 886 1324 καὶ
931 1256 1274 1343 βόρβορος,
1337 1263 1401 1322 et
1444 1253 1618 1337 apud
1676 1254 1940 1318 Lucian.
1988 1252 2236 1336 Catapl.
2282 1273 2344 1335 p.
2392 1256 2535 1318 623.
2594 1246 2749 1335 παρ’
2798 1248 2954 1338 ἡμῖν
3000 1257 3115 1336 (111-

780 1361 953 1438 feris)
998 1360 1116 1441 μὲν
1161 1357 1282 1442 γὰρ
1328 1350 1694 1442 ἆσφόὸελοι
1736 1352 1939 1434 μόνον
1985 1354 2091 1417 καὶ
2135 1353 2289 1433 χοαὶ
2332 1352 2443 1417 καὶ
2486 1351 2765 1418 πόπανα
2810 1356 2921 1422 καὶ
2967 1355 3116 1422 ἕνα·

781 1468 1086 1547 γίσματα,
1132 1458 1215 1524 τὰ
1261 1451 1324 1524 δ’
1375 1455 1542 1523 ἄλλα
1588 1454 1792 1540 ζόφος
1820 1457 1927 1520 καὶ
1975 1448 2202 1537 ὀμίχλη
2234 1456 2339 1518 καὶ
2377 1454 2626 1533 σκότος,
2676 1465 2740 1524 et
2769 1460 3117 1528 Alexandr.

781 1589 844 1650 p.
876 1568 1018 1630 233.
1066 1563 1148 1629 de
1191 1562 1467 1645 Epicuro
1511 1558 1912 1641 μολυβδίνας
1945 1557 2104 1636 ἔχων
2137 1555 2347 1633 πέδας
2378 1554 2444 1621 ἐν
2474 1557 2776 1644 βορβόρῳ
2808 1559 3115 1645 κάθηται.
3218 1555 3224 1564 ’

783 1669 974 1734 Cuius
1018 1664 1338 1731 sententia
1380 1662 1861 1743 antiquissimus
1904 1667 2124 1725 auctor
2169 1679 2309 1725 esse
2353 1660 2606 1726 videtur
2645 1662 2721 1743 is,
2768 1683 2957 1745 quem
2989 1663 3121 1729 Ori-

779 1790 979 1853 genes
1024 1768 1114 1833 sic
1158 1765 1362 1830 dictus
1407 1763 1714 1845 allegavit
1757 1762 2358 1845 Philosophumenis
2402 1784 2463 1845 p.
2502 1768 2639 1828 116.
2672 1764 2830 1829 Mill.
2887 1765 3121 1849 Μικρά

783 1868 925 1936 ἐστι
967 1866 1050 1933 τὰ
1093 1863 1419 1950 μυστήρια
1465 1862 1546 1929 τὰ
1590 1866 1703 1949 τῆς
1748 1860 2176 1948 Περσεφόνης
2219 1862 2394 1928 κάτω
2427 1865 2578 1945 περὶ
2613 1852 2717 1929 ὧν·
2745 1874 3118 1950 μυστηρίων

782 1973 890 2036 καὶ
935 1972 1049 2052 τῆς
1097 1962 1253 2036 ὁδοῦ
1298 1970 1414 2052 τῆς
1458 1960 1738 2051 ἀγούσης
1783 1964 1931 2041 ἐκεῖ,
1994 1962 2193 2050 οὔσης
2237 1962 2560 2041 παντοίας
2602 1964 2711 2031 καὶ
2756 1962 3119 2053 εὖρυχώρου

783 2071 892 2137 καὶ
951 2069 1277 2157 φερούσης
1338 2067 1492 2145 τοὺς
1549 2064 2042 2151 ἀπολλυμένους
2099 2065 2214 2130 ἐπὶ
2270 2066 2384 2151 τὴν
2427 2067 2859 2153 Περσεφόνην
2920 2073 3022 2137 καὶ
3085 2065 3119 2136 ὃ

783 2172 1068 2260 ποιητὴς
1112 2173 1182 2239 δέ
1229 2189 1460 2256 φησιν·

1115 2287 1345 2372 Αὐτὰρ
1389 2285 1564 2365 ὑπ”)
1613 2283 1806 2365 αὐτὴν
1851 2283 2012 2349 ἔστιν
2057 2283 2389 2368 ἀταρπιτὸς
2432 2284 2788 2370 όκρυόεσσα,

1117 2376 1335 2454 Κοίλη,
1381 2371 1688 2454 πηλώόης,
1733 2367 1905 2450 ἠδη)
1949 2371 2305 2454 ἡγήσασθαι
2351 2371 2570 2454 ἀρίστη

1102 2458 1326 2531 Ἄλσος
1369 2460 1428 2531 ἐς
1473 2456 1708 2539 ἱμερόεν
1749 2457 2165 2537 πολυτιμήτου
2206 2455 2605 2542 Ἀφροδίτης.

785 2587 973 2652 Hanc
1015 2584 1353 2663 Venerem,
1401 2598 1565 2662 quae
1608 2577 1712 2643 hic
1758 2577 2003 2660 dicitur,
2049 2599 2178 2644 non
2225 2579 2478 2646 differre
2533 2600 2573 2644 a
2616 2579 3000 2665 Proserpina
3044 2601 3123 2648 ex

786 2684 1314 2757 antecedentibus
1357 2688 1645 2764 apparet.
1714 2680 1808 2745 Cf.
1840 2680 1922 2745 de
1951 2680 2073 2745 hac
2102 2681 2354 2748 Venere
2384 2682 2462 2744 E.
2505 2680 2831 2745 Get-hard.-
2877 2684 3123 2751 Venere

788 2788 1170 2872 Proserpina
1215 2792 1278 2851 et
1321 2782 1688 2846 szstblatt
1735 2786 1917 2847 1825.
1965 2783 2044 2847 N.
2101 2786 2364 2848 16—19.
2435 2783 2713 2847 Creuzer
2753 2785 2973 2869 Symb.
3005 2786 3120 2869 ΙΙΙ,

788 2914 852 2975 p.
897 2894 1017 2956 513
1077 2889 1178 2956 ed.
1223 2888 1341 2952 IH.
1428 2885 1872 2947 B7·0endstedt·
1910 2885 2139 2947 Reisen
2197 2884 2280 2967 ΙΙ,
2339 2906 2401 2968 p.
2448 2889 2590 2951 231.
2679 2886 2805 2951 Vix
2864 2888 3122 2953 dubium

790 3007 932 3059 esse
974 2991 1256 3070 videtur,
1304 2989 1456 3070 quin
1511 2987 1615 3052 1116
1659 3007 1738 3057 ea
1780 2987 1953 3069 regio
1998 2987 2394 3053 Athenarum
2452 2986 2878 3071 describatur,
2937 3011 3123 3073 quam

789 3093 1165 3159 memoravit
1207 3090 1561 3155 Pausanias
1605 3089 1657 3171 Ι,
1704 3092 1805 3170 27,
1852 3093 1911 3152 4.
1946 3086 2132 3151 ’Ἐστι
2178 3085 2251 3154 δὲ
2296 3089 2651 3170 περίβολος
2695 3087 2759 3153 ἐν
2807 3093 2883 3174 τῆ
2930 3090 3123 3158 πόλει

790 3197 905 3278 τῆς
948 3191 1348 3276 καλουμένης
1404 3190 1469 3256 ἐν
1515 3188 1754 3271 κήποις
1790 3183 2195 3274 Ἀφροδίτης
2240 3182 2316 3254 οὗ
2362 3188 2593 3273 πόρρω
2648 3191 2755 3255 καὶ
2816 3191 2882 3256 δι’
2925 3186 3122 3259 αὐτοῦ

792 3296 1085 3371 κάθοδος
1130 3288 1452 3375 ὑπόγαιος
1496 3286 1849 3374 αὐτομάτη.

960 3399 1185 3463 Altera
1214 3396 1499 3478 quaestio
1532 3393 1910 3459 Callimachi
1956 3400 2083 3459 est:
2131 3392 2199 3457 αἱ
2245 3388 2475 3458 ἄνοδοι
2518 3399 2585 3458 τί
2598 3421 2620 3473 ,·
2665 3396 2802 3461 Hoc
2846 3397 2998 3461 olim
3039 3398 3125 3462 ita

791 3500 1270 3579 intellexeram,
1331 3505 1400 3563 ut
1455 3498 1647 3562 Anna
1703 3496 1979 3561 Daceria
2034 3496 2177 3578 alii,
2236 3515 2469 3579 nempe
2514 3496 2597 3561 de
2640 3494 3120 3584 παλιγγενεσίᾳ,

785 3622 985 3684 fluam
1027 3599 1358 3666 Lucretius
1388 3598 1541 3663 dicit
1583 3600 2007 3683 repetentiam,
2053 3598 2168 3663 sed
2212 3599 2422 3682 aptius
2452 3605 2549 3663 est
2590 3598 2696 3663 hic
2739 3600 3019 3682 cogitare
3049 3600 3126 3666 de

793 3703 1028 3769 fabulis
1099 3700 1396 3786 mythicis
1452 3721 1644 3783 quam
1701 3700 1784 3765 de
1847 3700 2100 3783 placitis
2171 3700 2726 3784 philosophorum,
2794 3721 2991 3782 quare
3048 3701 3126 3766 de

929 3906 965 3966 ¹)
1000 3907 1163 3971 Lege:
1199 3899 1308 3956 ἐπ’.
1448 3904 1483 3966 ²)
1522 3902 1643 3956 Cod.
1681 3896 1792 3965 ἦτ’,
1838 3903 2070 3953 Millerus
2117 3904 2324 3968 scripsit
2371 3899 2459 3966 ἥτ’
2500 3904 2684 3963 (voluit
2717 3909 2852 3954 certe
2888 3897 3008 3965 ἥθ’)
3044 3904 3126 3954 sed

795 3993 929 4059 quod
975 3993 1085 4057 ipse
1132 3990 1391 4041 emendavi
1438 3989 1637 4039 videtur
1686 3988 1748 4038 ad
1793 3990 1940 4039 fidem
1989 3989 2198 4054 propius
2245 4005 2365 4040 esse.
2437 3989 2494 4039 Si
2528 4005 2645 4040 vera
2679 3992 2756 4038 est
2785 3989 3034 4043 divinatio
3069 3989 3126 4038 de

792 4079 906 4129 loco
941 4078 1278 4137 Athenarum,
1329 4090 1478 4140 quam
1519 4089 1673 4138 supra
1717 4074 1986 4139 proposui,
2034 4089 2138 4124 non
2185 4074 2386 4125 videtur
2431 4090 2461 4124 a
2494 4090 2611 4124 vero
2645 4074 2851 4139 longius
2880 4074 3050 4124 abesse
3084 4073 3127 4123 si

791 4163 1055 4228 Pamphon
1090 4162 1449 4212 Atheniensem
1484 4163 1739 4209 auctorem
1775 4175 1881 4209 esse
1917 4175 2087 4209 eorum
2122 4175 2353 4210 versuum
2388 4159 2574 4210 dixero.
2631 4160 2964 4213 Scribendum
2998 4159 3127 4211 enim

794 4246 884 4300 καὶ
921 4242 948 4297 ὃ
984 4244 1213 4309 ποιητὴς
1249 4246 1501 4313 Πάμφως
1537 4241 1726 4312 φησίν,
1768 4247 1826 4294 ut
1859 4243 2036 4295 ultima
2070 4244 2261 4310 syllaba
2294 4245 2516 4295 nominis
2548 4246 2731 4294 hausta
2765 4261 2871 4295 esse
2908 4242 3129 4297 videatur

794 4351 825 4385 a
858 4336 1023 4400 prima
1058 4332 1249 4400 syllaba
1284 4329 1597 4394 insequentis
1630 4327 1877 4379 vocabuli.
