3499 5219
1666 459 2186 522 .--36-.-

753 628 1076 696 discordia
1161 634 1287 710 est,
1376 648 1571 711 quum
1644 627 1827 692 multi
1899 633 2114 692 essent
2185 626 2292 708 qui
2361 626 2529 691 hanc
2603 618 3103 693 declarationem

754 736 1271 816 aspernarentur.

925 832 1338 900 Turbulentis
1381 831 1483 896 his
1526 830 1919 914 temporibus
1962 828 2045 894 ab
2089 835 2232 894 utra
2274 835 2458 912 parte
2500 829 2745 895 steterit
2775 829 3096 914 Stigelius‚

752 935 1136 1021 philologus5
1182 932 1696 999 Melanchthonis
1727 931 2094 1015 discipulus,
2140 931 2440 1014 Strigelii‚
2484 930 2809 1015 Schnepfii
2838 933 3102 999 Wesen-

752 1038 1045 1119 beciique
1087 1036 1365 1116 amicus,
1411 1052 1526 1117 per
1568 1053 1639 1099 se
1679 1034 2175 1116 intelligeretur,
2224 1034 2349 1097 nisi
2393 1033 2672 1098 eluceret
2715 1054 2797 1099 ex
2840 1035 3101 1118 egregia

753 1138 1270 1205 Melanchthonis
1342 1136 1615 1220 epistola
1672 1135 1760 1200 ad
1817 1135 2152 1218 Stigelium
2209 1135 2406 1199 missa
2463 1135 2592 1199 iam
2648 1136 2726 1199 A.
2788 1135 3101 1201 MDLVII

751 1247 1097 1323 antequam
1152 1238 1237 1302 ad
1301 1238 1637 1302 concilium
1682 1237 2128 1301 vormatiense
2192 1236 2712 1320 proficisceretur.
2733 1239 2774 1313 ¹)
2862 1237 3103 1304 Habuit

752 1342 1011 1425 quidem
1067 1340 1291 1407 affines
1349 1339 1509 1405 duos
1566 1338 1909 1403 Flacianos
1967 1338 2270 1420 Stigelius
2286 1386 2302 1419 ‚
2377 1339 2470 1403 10.
2516 1339 2620 1403 Fr.
2669 1337 3099 1405 Coelestinum

640 1454 643 1457 ’
751 1439 866 1520 (ad
921 1439 1091 1505 hunc
1146 1442 1448 1525 scriptum
1506 1447 1603 1506 est
1662 1441 2057 1524 epigramma
2115 1441 2190 1504 T.
2236 1440 2287 1504 Ι.
2346 1441 2388 1504 f.
2438 1443 2560 1506 357
2617 1443 2701 1517 v.)
2762 1448 2827 1506 et
2883 1443 3098 1508 Ioach.
3187 1432 3188 1435 ¹

750 1539 1089 1625 Stigelium
1123 1543 1593 1625 Isenacensem‚
1609 1543 1654 1619 ²)
1698 1543 1966 1625 ipseque
2007 1542 2172 1607 adeo
2200 1542 2458 1607 Flacius
2501 1543 2569 1607 in
2611 1543 2866 1626 publico
2911 1545 3101 1609 collo-

750 1643 900 1727 quio
943 1643 1022 1708 A.
1066 1645 1519 1710 MDLXXIIII
1561 1644 1631 1708 in
1672 1664 1821 1709 arce
1862 1644 2217 1727 Langenau
2261 1643 2633 1710 Silesiorum
2676 1645 2929 1728 habito,
2980 1647 3099 1711 Sti-

748 1744 906 1828 gelii
960 1747 1240 1828 aliquem
1297 1767 1581 1813 versum:
1653 1748 1822 1809 Ante
1881 1756 2020 1808 tuos
2077 1747 2288 1808 oculos
2342 1748 2434 1809 nil
2486 1749 2612 1809 nisi
2663 1747 2844 1831 culpa
2894 1768 3102 1810 sumus

751 1866 865 1929 pro
910 1867 1029 1912 sua
1071 1849 1392 1914 sententia
1435 1867 1736 1931 perverse
1780 1847 2158 1929 allegavit.³)
2229 1847 2360 1912 Sed
2405 1865 2487 1913 ex
2518 1849 2790 1932 epistola
2821 1850 3099 1930 quadam

748 1948 1059 2031 Stigelii⁴)
1104 1949 1190 2014 ad
1237 1949 1382 2015 Chr.
1426 1950 1816 2014 Brueckium
1828 1951 1871 2026 ⁵)
1918 1947 2386 2014 Cancellarium
2432 1949 2602 2031 data,
2651 1970 2776 2032 qua
2821 1951 3098 2017 Simonis

749 2049 1000 2117 Musaei
1028 2053 1519 2133 criminationes,
1555 2051 1625 2115 in
1654 2051 1928 2134 publicis
1958 2052 2095 2116 eius
2125 2051 2518 2117 orationibus
2548 2071 2824 2134 sparsas,
2869 2045 3101 2120 acerbe

750 2152 1123 2236 perstrinxit
1166 2159 1229 2219 et
1272 2173 1353 2218 ex
1393 2154 1526 2218 alia
1569 2153 1842 2236 epistola
1880 2153 1966 2217 ad
1992 2153 2263 2217 Paulum
2293 2153 2574 2218 Eberum
2602 2154 2799 2236 plane
2830 2162 3101 2238 apparet

750 2254 1012 2321 minime
1054 2255 1292 2321 favisse
1336 2275 1480 2320 eum
1523 2255 1849 2320 Flacianis
1891 2255 2198 2338 partibus.
2274 2254 2498 2335 Itaque
2543 2274 2736 2336 quum
2779 2256 2977 2322 Ienae
3020 2258 3097 2322 A.

750 2356 1035 2421 MDLXI
1069 2357 1138 2422 in
1167 2377 1316 2422 arce
1343 2358 1703 2441 principum
1733 2356 1816 2421 de
1845 2357 2189 2438 Flacianis‚
2234 2362 2574 2440 praesente
2603 2356 2750 2421 Chr.
2782 2358 3099 2424 Brueckio

748 2459 1166 2541 cancellario,
1214 2459 1501 2540 quaestio
1544 2458 1918 2538 haberetur,
1977 2458 2144 2522 inter
2186 2464 2586 2524 accusatores
2630 2458 3096 2544 Flaciamrnm,

750 2565 972 2644 utpote
1015 2561 1123 2643 qui
1165 2560 1612 2644 perturbarent
1655 2580 1788 2625 non
1830 2560 2164 2643 placarent
2206 2560 2482 2643 animos,
2556 2561 2678 2626 fuit
2741 2563 2937 2628 etiam
2980 2563 3101 2629 Sti-

750 2662 956 2743 gelius
971 2662 1048 2742 ,⁰)
1109 2683 1379 2745 quocum
1421 2669 1567 2747 post
1609 2669 1937 2745 peractam
1981 2662 2452 2743 quaestionem,
2513 2663 2792 2730 dimissis
2851 2667 3095 2748 ceteris,

749 2763 1106 2828 Brueckius
1150 2764 1387 2829 diutius
1433 2764 1514 2828 de
1556 2784 1627 2828 re
1679 2764 1826 2846 ipsa
1882 2762 2251 2846 disputavit.
2267 2764 2311 2840 ⁷)
2399 2765 2484 2829 Et
2526 2766 2849 2832 Iohannes
2905 2767 3102 2833 frater

752 2864 1021 2948 Stigelii‚
1068 2866 1251 2948 quasi
1292 2867 1521 2931 haeres
1565 2865 1922 2931 sententiae
1965 2864 2197 2928 mortui
2238 2869 2372 2929 tum
2405 2872 2654 2950 poetae,
2700 2874 2927 2951 postea
2956 2869 3099 2935 sub-

752 2967 1006 3050 scripsit
1049 2966 1559 3049 „declarationi“
1603 2966 2049 3049 Strigelianae.
2067 2966 2113 3042 ⁸)

922 3069 1053 3134 Sed
1108 3069 1302 3134 redeo
1361 3089 1442 3134 ex
1495 3068 1597 3134 his
1652 3068 2120 3134 andabatarum
2163 3067 2605 3152 theologorum
2648 3073 3100 3138 certaminibus

754 3190 830 3237 eo
901 3190 1026 3253 quo
1100 3170 1422 3253 digressus
1494 3192 1654 3237 sum.
1739 3170 1819 3235 A.
1875 3169 2222 3235 MDLVIII
2282 3170 2608 3237 Iohannes
2665 3173 3096 3257 Schroeterus,

888 3474 924 3539 ¹)
961 3473 1016 3524 C.
1056 3474 1165 3526 Ref.
1202 3473 1296 3526 IX.
1330 3490 1382 3542 p.
1424 3476 1535 3527 188.
1675 3475 1713 3536 2)
1751 3475 1888 3531 Quid
1920 3475 2005 3525 hic
2034 3474 2291 3525 Flacianis
2328 3475 2639 3541 temporibus
2670 3474 2846 3525 fecerit
2875 3476 3101 3526 narravit

753 3558 872 3610 Chr.
906 3557 1091 3609 Franc.
1129 3559 1355 3609 Paullini
1391 3558 1575 3610 Annal.
1613 3561 1745 3611 Isen.
1782 3577 1834 3625 p.
1876 3562 1989 3613 196.
2129 3560 2165 3624 3)
2200 3559 2262 3609 V.
2316 3561 2466 3625 Greg.
2513 3560 2864 3625 Langemack:
2918 3561 3097 3611 histor.

751 3643 883 3708 disp.
921 3658 1009 3691 scu
1043 3644 1220 3708 potius
1256 3637 1436 3710 colloq.
1473 3645 1610 3694 inter
1643 3646 1753 3695 Ioh.
1792 3644 2024 3695 Colcrum
2060 3648 2111 3694 et
2145 3644 2216 3695 M.
2251 3644 2481 3695 Flacium
2517 3646 2578 3695 de
2624 3649 2835 3710 peccato
2882 3645 3098 3710 originis

751 3726 975 3778 habitae.
1050 3729 1236 3780 Sundii
1276 3732 1419 3782 1696.
1459 3746 1509 3795 p.
1548 3732 1628 3781 81.
1769 3729 1808 3792 ⁴)
1845 3731 1908 3779 In
1939 3729 2145 3780 archivo
2165 3730 2416 3779 Saxonico
2436 3730 2759 3782 Vimariensi.
2898 3730 2936 3792 ⁵)
2974 3730 3101 3781 Cum

753 3812 871 3865 Chr.
906 3813 1157 3862 Brueckio
1193 3814 1516 3863 familiariter
1551 3815 1857 3865 coniunctus
1892 3818 2001 3864 erat
2038 3813 2301 3879 StigelinS.
2370 3810 2431 3862 V.
2468 3810 2524 3862 Τ.
2561 3812 2633 3862 II.
2682 3814 2715 3864 f.
2754 3816 2853 3866 209
2890 3832 2963 3880 sq.
3034 3816 3098 3865 In

753 3896 985 3962 epistolis
1020 3914 1136 3948 mss.
1162 3898 1408 3963 Stigelius
1433 3914 1546 3949 eum
1574 3899 1716 3962 dicit,
1754 3899 1963 3961 „seincn
1981 3900 2150 3949 Herm
2172 3899 2490 3962 Schwager.“
2626 3897 2665 3955 ⁶)
2703 3900 2877 3967 Saliqz
2914 3899 3099 3951 Vollst.

752 3981 982 4033 Historie
1030 3982 1080 4036 d.
1127 3984 1320 4049 Aug-sb.
1371 3982 1685 4034 confession.
1738 3985 1837 4035 III.
1886 4001 1936 4049 p.
1974 3986 2073 4037 864
2109 4001 2182 4049 sq.
2323 3982 2359 4046 7)
2395 3980 2512 4031 Ibid
2546 3997 2600 4048 p.
2637 3984 2753 4036 867.
2890 3984 2927 4046 ⁸)
2965 3984 3099 4037 Ibid.

753 4083 804 4132 p.
841 4069 958 4121 886.
996 4067 1147 4134 Apud
1183 4068 1467 4119 Paullinum
1502 4084 1620 4118 vero
1655 4070 1838 4120 Annal.
1875 4070 2069 4120 Isenac.
2103 4085 2155 4134 p.
2197 4070 2308 4120 190.
2356 4066 2564 4117 invenio
2609 4067 2777 4119 Ioaclt.
2827 4068 3102 4133 Stigelium

750 4168 847 4218 pro
882 4153 1109 4203 Iohanne
1145 4157 1196 4203 et
1231 4169 1314 4218 ap.
1351 4154 1457 4204 Iac.
1496 4154 1758 4207 Andreae.-
1810 4153 2174 4214 Grundlicher,
2228 4152 2569 4217 warhafftiger
2620 4153 2727 4203 und
2778 4153 3102 4219 bestendiger

753 4237 961 4287 Bericht
994 4242 1090 4289 cet.
1127 4238 1398 4289 Wolffenb.
1442 4240 1586 4291 1570.
1624 4240 1672 4290 4.
1707 4237 1994 4289 invenitur:
2040 4237 2111 4287 M.
2148 4237 2319 4287 Ioach.
2356 4236 2629 4302 Stigelius‚
2666 4236 3007 4288 Concionator
3041 4239 3100 4289 in

751 4320 1210 4388 aulaGVimariensi.
1282 4323 1381 4373 Sed
1400 4324 1573 4375 Ioach.
1594 4323 1839 4388 Stigelius
1876 4327 1983 4373 erat
2018 4323 2330 4373 ecclesiastes
2352 4323 2683 4373 IsenacensiS.
2725 4322 2782 4374 G.
2799 4325 3102 4376 Schluessel..

754 4408 954 4475 buryius
990 4406 1233 4474 Catalogo
1267 4408 1455 4459 haeret.
1525 4408 1585 4458 V.
1625 4423 1679 4473 p.
1714 4410 1799 4461 91.
1833 4408 1987 4459 habet
2021 4408 2174 4458 adeo:
2212 4408 2379 4457 Ioach.
2418 4408 2685 4476 Striyelius
2724 4409 3002 4459 Gothanus.
