3499 5219
1260 416 1829 479 —191--—

906 575 1204 653 πολλάκις
1249 578 1467 643 αὐταῖν
1508 582 1574 642 ἐκ
1617 588 1740 644 τῶν
1783 578 1962 661 ὦρῶν

910 666 971 737 ἐς
1013 661 1124 731 τὰς
1166 658 1331 745 ὥρας
1375 663 1881 746 ξυνεπευχόμενος

908 756 1166 812 τοιαῦτα
1206 750 1409 830 μέλειν
1450 748 1619 831 θάμ’
1668 747 1950 837 ἔαυτῷὲ)

373 888 468 952 Cf.
501 907 581 953 ea
608 905 774 970 quae
802 885 938 952 dixi
967 885 1201 973 Opusc.
1233 887 1534 953 German.
1564 887 1615 951 I.
1649 907 1712 971 p.
1747 890 1894 953 340.
1940 885 2096 970 Ipsa
2121 892 2336 952 autem
2365 887 2490 953 ista
2517 905 2720 953 armo-

370 1010 512 1054 rum
555 987 900 1072 prohibitio
943 989 1223 1073 pertinet
1264 986 1350 1052 ad
1392 987 1684 1055 inducias
1727 986 2073 1065 (σπονδάς)
2117 1007 2234 1073 per
2273 989 2717 1074 mysteriorum

371 1098 626 1175 tempus
654 1088 1011 1172 habendae,
1045 1089 1127 1157 de
1157 1089 1386 1173 quibus
1407 1090 1747 1153 Aeschines
1777 1087 1860 1156 de
1886 1089 2032 1157 fals.
2062 1091 2188 1173 leg.
2218 1111 2282 1175 p.
2299 1097 2379 1154 45
2407 1090 2563 1157 HSt.
2592 1091 2718 1156 ita:

374 1191 484 1256 καὶ
529 1199 672 1269 τοῖς
717 1187 1214 1275 σπονδοφόροις
1255 1199 1400 1266 τοῖς
1442 1188 1587 1268 τὰς
1627 1187 2303 1278 μυστηριώτιδας
2348 1190 2720 1264 σπονδὰς

375 1291 853 1376 ἐπαγγέλλουσι
910 1291 1108 1374 μόνοι
1164 1292 1297 1357 τῶν
1348 1287 1662 1377 Ἑλλήνων
1716 1294 1976 1370 Φωκεῖς
2034 1285 2150 1357 οὐκ
2204 1289 2600 1358 ἐσπείσαντο
2658 1301 2722 1362 et

375 1395 692 1458 Amisi-ides
746 1394 961 1461 Eleus.
1019 1393 1124 1461 Or.
1198 1415 1263 1479 p.
1322 1398 1465 1460 420.
1524 1391 1719 1459 Dind.
1795 1393 1897 1472 (V.
1955 1394 2240 1462 Lobeck.
2293 1395 2719 1479 Aglaopham.

372 1517 437 1580 p.
484 1500 654 1575 213.)
709 1494 911 1578 μόναι
969 1495 1009 1561 δ
1018 1492 1035 1515 '
1097 1494 1168 1561 αἱ
1222 1492 1740 1583 μυστηριώτιδες
1796 1495 2084 1562 σπονδαὶ
2127 1491 2418 1577 τοῦνομα
2462 1497 2717 1562 ἔσωσαν

373 1598 482 1661 καὶ
526 1594 758 1679 μόνοις
794 1590 1212 1676 Ἐλευσινίοις
1254 1591 1543 1681 ὖγίαινεν
1585 1590 1623 1681 ἦ
1663 1591 1903 1675 Ἑλλάς.
1979 1596 2087 1665 Ad
2128 1597 2299 1664 hailo
2324 1600 2721 1666 Eleusiniam

378 1694 730 1783 ἐκεχειρίαν
801 1699 1080 1785 pertinet
1149 1699 1483 1766 notissima
1551 1698 1885 1783 inscriptio
1949 1700 2147 1767 attica
2205 1701 2381 1786 apud
2438 1699 2721 1767 Boeckh.

378 1791 566 1884 corp.
613 1799 812 1866 Inscr.
857 1801 910 1867 I.
956 1817 1018 1885 p.
1070 1803 1189 1867 107
1235 1820 1328 1884 sq.
1375 1797 1453 1866 cf.
1498 1820 1561 1884 p.
1605 1803 1745 1866 190.
1833 1799 2045 1885 Atque
2088 1820 2200 1869 eas
2242 1802 2501 1885 quidem
2541 1801 2723 1869 indu-

376 1903 508 1967 cias
554 1903 808 1985 publice
850 1904 1233 1969 nunciarunt
1276 1900 1584 1986 Κήρυκες,
1632 1911 1799 1986 quae
1843 1909 1980 1968 erat
2011 1919 2173 1987 gens
2202 1897 2518 1987 quaedam
2547 1901 2723 1988 apud

374 1994 741 2071 Eleusinios
785 2004 869 2071 ab
912 2005 1054 2088 ipso
1097 2004 1407 2071 Mercurio
1451 2003 1873 2070 caduceatore
1915 2012 2138 2071 exorta
2181 2005 2392 2076 (Paus.
2423 2007 2475 2071 I.
2521 2009 2622 2072 38.
2662 2010 2721 2071 3.

375 2095 618 2170 Polluc.
651 2104 807 2188 VII,
860 2105 1026 2184 103.)
1080 2105 1164 2174 de
1207 2113 1335 2190 qua
1376 2099 1610 2172 Athen.
1643 2101 1755 2171 VI.
1813 2125 1876 2189 p.
1924 2105 2068 2172 234.
2125 2107 2287 2174 haec
2342 2128 2424 2173 ex
2467 2106 2723 2173 Solonis

374 2205 627 2290 legibus
684 2207 955 2291 profert:
1030 2206 1141 2272 καὶ
1196 2207 1290 2272 τιὸ
1347 2206 1578 2291 κήρυκε
1637 2205 1705 2271 ἐκ
1764 2208 1880 2270 τοῦ
1937 2213 2162 2290 γένους
2216 2211 2347 2274 τῶν
2408 2207 2719 2294 Κηρίκων

375 2312 493 2371 τοῦ
540 2311 656 2393 τῆς
697 2306 1221 2394 μυστηριώτιδος
1267 2308 1605 2393 [ἑορτῆςῬΙ.
1678 2307 1773 2375 Of.
1803 2309 2004 2376 Meier
2046 2307 2128 2377 (le
2166 2318 2340 2394 gent.
2368 2317 2482 2377 att.
2524 2309 2588 2396 p.
2619 2307 2722 2376 41.

376 2411 572 2478 Porro
620 2409 875 2477 dativus
920 2413 1013 2495 τῷ
1057 2435 1159 2494 γε,
1220 2431 1345 2494 quo
1400 2430 1556 2476 usus
1608 2418 1707 2477 est
1760 2416 1955 2495 poeta
1996 2413 2390 2494 Eleusinius‚
2447 2413 2725 2497 pertinet

376 2512 467 2577 ad
494 2513 1010 2596 Demophontem
1048 2511 1489 2597 significatque
1532 2514 1595 2575 in
1625 2511 1807 2575 huius
1835 2512 2134 2576 honorem
2163 2514 2322 2595 (ihm
2352 2535 2434 2577 zu
2464 2515 2720 2595 Ehren)

377 2601 705 2680 institutas
751 2630 894 2681 esse
934 2603 1227 2682 inducias
1270 2616 1594 2700 mysticas.
1671 2616 1778 2682 Sic
1821 2617 1993 2683 enim
2029 2609 2416 2701 Hesychius:
2461 2615 2723 2700 Βαλλη-

375 2716 510 2793 ‘ti-g,
558 2712 746 2802 ἑορτὴ
777 2713 1141 2802 Ἀθήνησιν
1188 2716 1300 2782 ἐπὶ
1332 2716 1762 2802 Δημωφῶντι
1804 2716 1897 2802 τῷ
1931 2710 2176 2784 Κελεοῦ
2208 2711 2508 2804 ἀγομένη.
2583 2719 2724 2786 Iam

375 2825 531 2884 Vero
587 2815 654 2883 ἐν
715 2811 1060 2902 ἀλλήλοισι
1126 2818 1222 2885 ita
1273 2816 1765 2901 intelligendum
1822 2822 1921 2885 est
1973 2822 2045 2886 ut
2098 2819 2345 2886 dicatur
2400 2820 2724 2905 prohiberi

376 2938 498 3004 per
552 2920 804 3004 tempus
862 2919 1262 2986 induciarum
1304 2920 1780 2986 Eleusiniamm
1837 2934 2059 2987 omnes
2104 2923 2307 3005 rixas,
2363 2942 2522 3006 quas
2563 2923 2724 2991 forte

374 3021 503 3106 ipsi
573 3018 740 3088 inter
809 3040 882 3089 se
948 3022 1300 3088 movissent
1355 3012 1670 3088 Eleusinii
1728 3021 2089 3106 (probabile
2146 3030 2244 3090 est
2299 3025 2470 3091 enim
2529 3026 2722 3092 etiam

373 3122 687 3189 Eleusine
741 3123 894 3189 olim
946 3125 1144 3190 fuisse
1201 3123 1510 3189 factiones
1564 3121 1877 3206 quasdam
1931 3122 2258 3207 politicas,
2330 3130 2400 3191 ut
2470 3122 2724 3194 fuerunt

376 3218 652 3290 Athenis
696 3224 1095 3292 Diacriorum
1111 3274 1127 3307 ,
1185 3224 1634 3307 Pediaeorum,
1693 3222 2093 3303 Paralorum)
2153 3226 2326 3310 quod
2369 3234 2593 3311 postea
2637 3228 2723 3293 ad

376 3324 555 3391 bella
598 3327 792 3392 etiam
835 3335 1105 3393 externa
1145 3326 1479 3411 pertinuit,
1525 3327 2101 3412 Amphictyonum,
2161 3335 2231 3394 ut
2272 3328 2524 3395 videtur
2537 3378 2553 3411 ‚
2615 3330 2722 3396 de-

378 3433 552 3493 creto
567 3475 584 3509 ‚
641 3428 735 3493 ita
790 3435 862 3495 ut
904 3430 1099 3495 etiam
1140 3429 1305 3494 illud
1350 3427 1415 3493 ἓν
1462 3424 1809 3511 ἀλλήλοισι
1849 3428 2084 3495 laxiori
2125 3428 2588 3513 significatione
2630 3432 2723 3500 in·

378 3528 800 3611 telligendum
860 3532 960 3596 sit.
1064 3531 1203 3595 Erit
1255 3530 1449 3614 igitur
1503 3540 1802 3597 versuum
1861 3530 2237 3614 significatio
2290 3531 2480 3598 haec:
2544 3531 2724 3598 Com-

374 3639 614 3716 ponent
665 3633 860 3713 iqitur
902 3622 1208 3695 Eleusinia·
1258 3633 1321 3694 in
1380 3632 1559 3695 huius
1604 3620 2133 3717 (Demophontis)
2175 3633 2472 3697 honorem
2518 3638 2722 3700 omnia

379 3733 720 3795 certamina
755 3752 1121 3818 puynasque
1170 3744 1458 3796 cruentas
1517 3755 1755 3811 omncs,
1815 3755 1972 3819 quae
2030 3745 2095 3797 et
2145 3733 2269 3799 sibi
2320 3746 2506 3800 erunt
2559 3738 2724 3801 inter

378 3854 448 3897 se
490 3842 552 3896 et
595 3854 754 3919 quae
793 3834 917 3897 sibi
965 3856 1100 3898 cum
1159 3837 1301 3898 aliis
1350 3837 1601 3920 populis
1658 3845 1846 3898 erunt
1897 3844 2106 3899 mutua
2157 3857 2282 3922 per
2338 3839 2470 3900 dies
2506 3838 2723 3922 festos

385 3932 838 4009 Ueronam-um,
902 3958 1061 4021 quae
1117 3958 1230 4021 090
1291 3935 1544 4020 (Ceres)
1601 3939 1935 4000 instz'tuam.
2042 3936 2149 4005 Sic
2217 3935 2438 4023 ἤματα
2502 3938 2721 4006 πάντα

375 4037 658 4122 pertinet
698 4035 787 4105 ad
826 4037 1291 4106 institutionem
1335 4038 1582 4105 Cereris
1623 4052 1944 4105 sacrorum
1989 4047 2382 4124 perpetuam.

517 4258 552 4322 ¹)
588 4258 744 4310 Arist.
781 4257 914 4310 Ναὶ).
951 4252 1069 4314 316.
