<?xml version="1.0" encoding="UTF-8"?>
<!DOCTYPE html PUBLIC "-//W3C//DTD XHTML 1.0 Transitional//EN"
    "http://www.w3.org/TR/xhtml1/DTD/xhtml1-transitional.dtd">
<html xmlns="http://www.w3.org/1999/xhtml" xml:lang="en" lang="en">
 <head>
  <title>
</title>
<meta http-equiv="Content-Type" content="text/html;charset=utf-8" />
  <meta name='ocr-system' content='tesseract 3.04.00' />
  <meta name='ocr-capabilities' content='ocr_page ocr_carea ocr_par ocr_line ocrx_word'/>
</head>
<body>
  <div class='ocr_page' id='page_1' title='image "./opusculaacademi00goetgoog_0035.png"; bbox 0 0 3499 5219; ppageno 0'>
   <div class='ocr_carea' id='block_1_1' title="bbox 1317 452 1844 515">
    <p class='ocr_par' dir='ltr' id='par_1_1' title="bbox 1317 452 1844 515">
     <span class='ocr_line' id='line_1_1' title="bbox 1317 452 1844 515; baseline 0 -24"><span class='ocrx_word' id='word_1_1' title='bbox 1317 484 1451 491; x_wconf 41' lang='lat' dir='ltr'>—w</span> <span class='ocrx_word' id='word_1_2' title='bbox 1545 452 1844 515; x_wconf 17' lang='lat'>1¹9—-</span> 
     </span>
    </p>
   </div>
   <div class='ocr_carea' id='block_1_2' title="bbox 396 615 2760 2835">
    <p class='ocr_par' dir='ltr' id='par_1_2' title="bbox 396 615 2760 2835">
     <span class='ocr_line' id='line_1_2' title="bbox 399 615 2756 706; baseline 0.003 -24"><span class='ocrx_word' id='word_1_3' title='bbox 399 615 747 698; x_wconf 89' lang='lat' dir='ltr'>Friderico,</span> <span class='ocrx_word' id='word_1_4' title='bbox 794 615 886 682; x_wconf 91' lang='lat' dir='ltr'>sic</span> <span class='ocrx_word' id='word_1_5' title='bbox 925 615 1050 698; x_wconf 88' lang='lat' dir='ltr'>ipsi</span> <span class='ocrx_word' id='word_1_6' title='bbox 1078 616 1518 687; x_wconf 80' lang='lat' dir='ltr'>Maximiliano</span> <span class='ocrx_word' id='word_1_7' title='bbox 1561 618 1679 685; x_wconf 87' lang='lat' dir='ltr'>fuit</span> <span class='ocrx_word' id='word_1_8' title='bbox 1721 620 1806 684; x_wconf 89' lang='lat' dir='ltr'>ab</span> <span class='ocrx_word' id='word_1_9' title='bbox 1851 620 2143 704; x_wconf 86' lang='lat' dir='ltr'>epistolis</span> <span class='ocrx_word' id='word_1_10' title='bbox 2184 629 2251 688; x_wconf 90' lang='lat' dir='ltr'>et</span> <span class='ocrx_word' id='word_1_11' title='bbox 2292 628 2520 706; x_wconf 88' lang='lat' dir='ltr'>postea</span> <span class='ocrx_word' id='word_1_12' title='bbox 2562 623 2756 689; x_wconf 71' lang='lat' dir='ltr'>etiam</span> 
     </span>
     <span class='ocr_line' id='line_1_3' title="bbox 399 718 2754 807; baseline 0.003 -23"><span class='ocrx_word' id='word_1_13' title='bbox 399 720 605 784; x_wconf 87' lang='lat' dir='ltr'>multa</span> <span class='ocrx_word' id='word_1_14' title='bbox 645 738 761 803; x_wconf 90' lang='lat' dir='ltr'>pro</span> <span class='ocrx_word' id='word_1_15' title='bbox 804 718 1199 801; x_wconf 81' lang='lat' dir='ltr'>Imperatore</span> <span class='ocrx_word' id='word_1_16' title='bbox 1240 720 1441 801; x_wconf 79' lang='lat' dir='ltr'>gessit</span> <span class='ocrx_word' id='word_1_17' title='bbox 1483 721 1740 803; x_wconf 89' lang='lat' dir='ltr'>egregie</span> <span class='ocrx_word' id='word_1_18' title='bbox 1756 723 1821 802; x_wconf 87' lang='lat'>,¹)</span> <span class='ocrx_word' id='word_1_19' title='bbox 1893 743 2102 807; x_wconf 88' lang='lat' dir='ltr'>neque</span> <span class='ocrx_word' id='word_1_20' title='bbox 2146 723 2443 790; x_wconf 88' lang='lat' dir='ltr'>Carolum</span> <span class='ocrx_word' id='word_1_21' title='bbox 2486 725 2575 805; x_wconf 88' lang='lat' dir='ltr'>V,</span> <span class='ocrx_word' id='word_1_22' title='bbox 2648 726 2754 791; x_wconf 88' lang='lat' dir='ltr'>cui</span> 
     </span>
     <span class='ocr_line' id='line_1_4' title="bbox 397 820 2752 909; baseline 0.003 -22"><span class='ocrx_word' id='word_1_23' title='bbox 397 820 816 903; x_wconf 85' lang='lat' dir='ltr'>Pfintzingius</span> <span class='ocrx_word' id='word_1_24' title='bbox 870 839 1127 886; x_wconf 88' lang='lat' dir='ltr'>carmen</span> <span class='ocrx_word' id='word_1_25' title='bbox 1185 841 1370 887; x_wconf 89' lang='lat' dir='ltr'>suum</span> <span class='ocrx_word' id='word_1_26' title='bbox 1428 821 1860 889; x_wconf 84' lang='lat' dir='ltr'>dedicaverat.</span> <span class='ocrx_word' id='word_1_27' title='bbox 1874 827 1919 901; x_wconf 74' lang='grc'>2)</span> <span class='ocrx_word' id='word_1_28' title='bbox 2007 826 2232 908; x_wconf 89' lang='lat' dir='ltr'>Longe</span> <span class='ocrx_word' id='word_1_29' title='bbox 2284 826 2491 909; x_wconf 85' lang='lat' dir='ltr'>magis</span> <span class='ocrx_word' id='word_1_30' title='bbox 2533 832 2752 893; x_wconf 85' lang='lat' dir='ltr'>tamen</span> 
     </span>
     <span class='ocr_line' id='line_1_5' title="bbox 399 921 2759 1011; baseline 0.003 -22"><span class='ocrx_word' id='word_1_31' title='bbox 399 923 618 989; x_wconf 83' lang='lat' dir='ltr'>mirari</span> <span class='ocrx_word' id='word_1_32' title='bbox 658 923 830 989; x_wconf 83' lang='lat' dir='ltr'><strong>subit</strong></span> <span class='ocrx_word' id='word_1_33' title='bbox 883 921 1055 1005; x_wconf 92' lang='lat' dir='ltr'>quod</span> <span class='ocrx_word' id='word_1_34' title='bbox 1097 923 1359 989; x_wconf 81' lang='lat' dir='ltr'>Ioarmis</span> <span class='ocrx_word' id='word_1_35' title='bbox 1403 923 1654 990; x_wconf 86' lang='lat' dir='ltr'>Sachsii</span> <span class='ocrx_word' id='word_1_36' title='bbox 1708 925 2112 992; x_wconf 79' lang='lat' dir='ltr'>immemores</span> <span class='ocrx_word' id='word_1_37' title='bbox 2166 928 2420 994; x_wconf 86' lang='lat' dir='ltr'>fuerunt</span> <span class='ocrx_word' id='word_1_38' title='bbox 2432 977 2448 1009; x_wconf 95' lang='lat'>,</span> <span class='ocrx_word' id='word_1_39' title='bbox 2521 935 2759 1011; x_wconf 84' lang='lat' dir='ltr'>poetae</span> 
     </span>
     <span class='ocr_line' id='line_1_6' title="bbox 397 1024 2752 1111; baseline 0.003 -21"><span class='ocrx_word' id='word_1_40' title='bbox 397 1024 930 1110; x_wconf 84' lang='lat' dir='ltr'>praestantissimi</span> <span class='ocrx_word' id='word_1_41' title='bbox 972 1024 1109 1090; x_wconf 90' lang='lat' dir='ltr'>eius</span> <span class='ocrx_word' id='word_1_42' title='bbox 1152 1026 1476 1108; x_wconf 86' lang='lat' dir='ltr'>temporis,</span> <span class='ocrx_word' id='word_1_43' title='bbox 1519 1026 1648 1092; x_wconf 89' lang='lat' dir='ltr'>nisi</span> <span class='ocrx_word' id='word_1_44' title='bbox 1687 1026 1850 1093; x_wconf 89' lang='lat' dir='ltr'>forte</span> <span class='ocrx_word' id='word_1_45' title='bbox 1892 1027 2228 1111; x_wconf 88' lang='lat' dir='ltr'>indignum</span> <span class='ocrx_word' id='word_1_46' title='bbox 2274 1029 2549 1097; x_wconf 80' lang='lat' dir='ltr'>Caesare</span> <span class='ocrx_word' id='word_1_47' title='bbox 2588 1029 2752 1097; x_wconf 84' lang='lat' dir='ltr'>iudi-</span> 
     </span>
     <span class='ocr_line' id='line_1_7' title="bbox 398 1126 2748 1215; baseline 0.002 -22"><span class='ocrx_word' id='word_1_48' title='bbox 398 1133 706 1194; x_wconf 88' lang='lat' dir='ltr'>caverunt</span> <span class='ocrx_word' id='word_1_49' title='bbox 749 1126 1174 1211; x_wconf 88' lang='lat' dir='ltr'>crepidarium</span> <span class='ocrx_word' id='word_1_50' title='bbox 1217 1147 1542 1193; x_wconf 89' lang='lat' dir='ltr'>coronare.</span> <span class='ocrx_word' id='word_1_51' title='bbox 1603 1127 1734 1193; x_wconf 86' lang='lat' dir='ltr'>Sed</span> <span class='ocrx_word' id='word_1_52' title='bbox 1766 1129 2025 1196; x_wconf 90' lang='lat' dir='ltr'>omnino</span> <span class='ocrx_word' id='word_1_53' title='bbox 2055 1131 2478 1197; x_wconf 70' lang='lat' dir='ltr'>Germanicae</span> <span class='ocrx_word' id='word_1_54' title='bbox 2506 1132 2748 1215; x_wconf 85' lang='lat' dir='ltr'>Musae,</span> 
     </span>
     <span class='ocr_line' id='line_1_8' title="bbox 398 1229 2751 1312; baseline 0.001 -16"><span class='ocrx_word' id='word_1_55' title='bbox 398 1231 526 1296; x_wconf 87' lang='lat' dir='ltr'>nisi</span> <span class='ocrx_word' id='word_1_56' title='bbox 567 1229 767 1294; x_wconf 90' lang='lat' dir='ltr'>latino</span> <span class='ocrx_word' id='word_1_57' title='bbox 812 1248 924 1294; x_wconf 92' lang='lat' dir='ltr'>ore</span> <span class='ocrx_word' id='word_1_58' title='bbox 964 1230 1395 1312; x_wconf 85' lang='lat' dir='ltr'>loquerentur,</span> <span class='ocrx_word' id='word_1_59' title='bbox 1442 1230 1623 1312; x_wconf 84' lang='lat' dir='ltr'>quasi</span> <span class='ocrx_word' id='word_1_60' title='bbox 1667 1230 1958 1312; x_wconf 83' lang='lat' dir='ltr'>elingues</span> <span class='ocrx_word' id='word_1_61' title='bbox 1998 1232 2068 1296; x_wconf 86' lang='lat' dir='ltr'>in</span> <span class='ocrx_word' id='word_1_62' title='bbox 2110 1253 2372 1299; x_wconf 88' lang='lat' dir='ltr'>censum</span> <span class='ocrx_word' id='word_1_63' title='bbox 2399 1252 2532 1299; x_wconf 94' lang='lat' dir='ltr'>non</span> <span class='ocrx_word' id='word_1_64' title='bbox 2560 1253 2751 1301; x_wconf 85' lang='lat' dir='ltr'>vene-</span> 
     </span>
     <span class='ocr_line' id='line_1_9' title="bbox 396 1329 2760 1418; baseline 0.002 -21"><span class='ocrx_word' id='word_1_65' title='bbox 396 1338 566 1397; x_wconf 92' lang='lat' dir='ltr'>runt.</span> <span class='ocrx_word' id='word_1_66' title='bbox 653 1330 961 1397; x_wconf 86' lang='lat' dir='ltr'>Similiter</span> <span class='ocrx_word' id='word_1_67' title='bbox 1012 1329 1376 1396; x_wconf 86' lang='lat' dir='ltr'>Fridericus</span> <span class='ocrx_word' id='word_1_68' title='bbox 1430 1331 1702 1413; x_wconf 83' lang='lat' dir='ltr'>Magnus</span> <span class='ocrx_word' id='word_1_69' title='bbox 1761 1330 1911 1397; x_wconf 90' lang='lat' dir='ltr'>dum</span> <span class='ocrx_word' id='word_1_70' title='bbox 1967 1333 2251 1399; x_wconf 88' lang='lat' dir='ltr'>Voltario</span> <span class='ocrx_word' id='word_1_71' title='bbox 2317 1335 2760 1418; x_wconf 79' lang='lat' dir='ltr'>patrocinatur</span> 
     </span>
     <span class='ocr_line' id='line_1_10' title="bbox 399 1432 2756 1519; baseline 0.001 -18"><span class='ocrx_word' id='word_1_72' title='bbox 399 1433 784 1517; x_wconf 78' lang='lat' dir='ltr'>contempsit</span> <span class='ocrx_word' id='word_1_73' title='bbox 826 1432 1170 1497; x_wconf 81' lang='lat' dir='ltr'>Goethium</span> <span class='ocrx_word' id='word_1_74' title='bbox 1182 1480 1200 1514; x_wconf 89' lang='lat'><em>‚</em></span> <span class='ocrx_word' id='word_1_75' title='bbox 1274 1451 1464 1514; x_wconf 90' lang='lat' dir='ltr'>quem</span> <span class='ocrx_word' id='word_1_76' title='bbox 1507 1439 1723 1500; x_wconf 88' lang='lat' dir='ltr'>tamen</span> <span class='ocrx_word' id='word_1_77' title='bbox 1779 1454 1923 1499; x_wconf 90' lang='lat' dir='ltr'>cum</span> <span class='ocrx_word' id='word_1_78' title='bbox 1978 1435 2427 1519; x_wconf 82' lang='lat' dir='ltr'>loquacissimo</span> <span class='ocrx_word' id='word_1_79' title='bbox 2472 1437 2756 1504; x_wconf 88' lang='lat' dir='ltr'>Theuer-</span> 
     </span>
     <span class='ocr_line' id='line_1_11' title="bbox 403 1535 2753 1620; baseline 0.002 -19"><span class='ocrx_word' id='word_1_80' title='bbox 403 1535 631 1601; x_wconf 89' lang='lat' dir='ltr'>dankii</span> <span class='ocrx_word' id='word_1_81' title='bbox 672 1541 930 1600; x_wconf 87' lang='lat' dir='ltr'>auctore</span> <span class='ocrx_word' id='word_1_82' title='bbox 972 1535 1330 1617; x_wconf 89' lang='lat' dir='ltr'>comparari</span> <span class='ocrx_word' id='word_1_83' title='bbox 1371 1535 1592 1599; x_wconf 91' lang='lat' dir='ltr'>nolim.</span> <span class='ocrx_word' id='word_1_84' title='bbox 1680 1536 1829 1600; x_wconf 86' lang='lat' dir='ltr'>Non</span> <span class='ocrx_word' id='word_1_85' title='bbox 1872 1556 2128 1620; x_wconf 87' lang='lat' dir='ltr'>vereor,</span> <span class='ocrx_word' id='word_1_86' title='bbox 2185 1557 2271 1604; x_wconf 91' lang='lat' dir='ltr'>ne</span> <span class='ocrx_word' id='word_1_87' title='bbox 2313 1538 2455 1620; x_wconf 91' lang='lat' dir='ltr'>quis</span> <span class='ocrx_word' id='word_1_88' title='bbox 2496 1539 2588 1605; x_wconf 88' lang='lat' dir='ltr'>ita</span> <span class='ocrx_word' id='word_1_89' title='bbox 2629 1540 2753 1605; x_wconf 90' lang='lat' dir='ltr'>hoc</span> 
     </span>
     <span class='ocr_line' id='line_1_12' title="bbox 397 1635 2756 1724; baseline 0.002 -21"><span class='ocrx_word' id='word_1_90' title='bbox 397 1637 851 1721; x_wconf 90' lang='lat' dir='ltr'>interpretetur</span> <span class='ocrx_word' id='word_1_91' title='bbox 892 1635 1075 1717; x_wconf 88' lang='lat' dir='ltr'>quasi</span> <span class='ocrx_word' id='word_1_92' title='bbox 1118 1641 1394 1701; x_wconf 88' lang='lat' dir='ltr'>statuam</span> <span class='ocrx_word' id='word_1_93' title='bbox 1455 1637 1682 1719; x_wconf 91' lang='lat' dir='ltr'>poesin</span> <span class='ocrx_word' id='word_1_94' title='bbox 1742 1638 2013 1703; x_wconf 89' lang='lat' dir='ltr'>latinam</span> <span class='ocrx_word' id='word_1_95' title='bbox 2057 1639 2521 1707; x_wconf 82' lang='lat' dir='ltr'>Germanorum</span> <span class='ocrx_word' id='word_1_96' title='bbox 2570 1661 2756 1724; x_wconf 91' lang='lat' dir='ltr'>prae-</span> 
     </span>
     <span class='ocr_line' id='line_1_13' title="bbox 402 1736 2755 1823; baseline 0 -19"><span class='ocrx_word' id='word_1_97' title='bbox 402 1740 567 1821; x_wconf 91' lang='lat' dir='ltr'>miis,</span> <span class='ocrx_word' id='word_1_98' title='bbox 612 1759 654 1804; x_wconf 90' lang='lat' dir='ltr'>a</span> <span class='ocrx_word' id='word_1_99' title='bbox 697 1736 1078 1803; x_wconf 79' lang='lat' dir='ltr'>Caesaribus</span> <span class='ocrx_word' id='word_1_100' title='bbox 1123 1737 1184 1803; x_wconf 94' lang='lat' dir='ltr'>ei</span> <span class='ocrx_word' id='word_1_101' title='bbox 1225 1737 1483 1821; x_wconf 91' lang='lat' dir='ltr'>publice</span> <span class='ocrx_word' id='word_1_102' title='bbox 1527 1737 1820 1821; x_wconf 87' lang='lat' dir='ltr'>decretis,</span> <span class='ocrx_word' id='word_1_103' title='bbox 1864 1739 2197 1823; x_wconf 85' lang='lat' dir='ltr'>indignam</span> <span class='ocrx_word' id='word_1_104' title='bbox 2240 1739 2457 1823; x_wconf 88' lang='lat' dir='ltr'>fuisse,</span> <span class='ocrx_word' id='word_1_105' title='bbox 2502 1761 2653 1808; x_wconf 89' lang='lat' dir='ltr'>nam</span> <span class='ocrx_word' id='word_1_106' title='bbox 2697 1741 2755 1807; x_wconf 87' lang='lat' dir='ltr'>si</span> 
     </span>
     <span class='ocr_line' id='line_1_14' title="bbox 400 1838 2751 1927; baseline 0.002 -20"><span class='ocrx_word' id='word_1_107' title='bbox 400 1842 507 1907; x_wconf 90' lang='lat' dir='ltr'>vel</span> <span class='ocrx_word' id='word_1_108' title='bbox 553 1849 766 1922; x_wconf 73' lang='lat' dir='ltr'>coyata</span> <span class='ocrx_word' id='word_1_109' title='bbox 807 1838 1116 1923; x_wconf 89' lang='lat' dir='ltr'>prodierit</span> <span class='ocrx_word' id='word_1_110' title='bbox 1156 1839 1373 1923; x_wconf 92' lang='lat' dir='ltr'>poesis</span> <span class='ocrx_word' id='word_1_111' title='bbox 1415 1841 1521 1905; x_wconf 85' lang='lat' dir='ltr'>vel</span> <span class='ocrx_word' id='word_1_112' title='bbox 1566 1842 1885 1915; x_wconf 80' lang='lat' dir='ltr'>braccata,</span> <span class='ocrx_word' id='word_1_113' title='bbox 1959 1841 2151 1907; x_wconf 91' lang='lat' dir='ltr'>modo</span> <span class='ocrx_word' id='word_1_114' title='bbox 2195 1862 2351 1910; x_wconf 85' lang='lat' dir='ltr'>vera</span> <span class='ocrx_word' id='word_1_115' title='bbox 2392 1843 2475 1908; x_wconf 91' lang='lat' dir='ltr'>sit</span> <span class='ocrx_word' id='word_1_116' title='bbox 2516 1843 2751 1927; x_wconf 88' lang='lat' dir='ltr'>poesis,</span> 
     </span>
     <span class='ocr_line' id='line_1_15' title="bbox 399 1941 2758 2026; baseline 0.001 -18"><span class='ocrx_word' id='word_1_117' title='bbox 399 1941 695 2009; x_wconf 86' lang='lat' dir='ltr'>venerari</span> <span class='ocrx_word' id='word_1_118' title='bbox 739 1961 882 2007; x_wconf 90' lang='lat' dir='ltr'>eam</span> <span class='ocrx_word' id='word_1_119' title='bbox 924 1946 1116 2023; x_wconf 88' lang='lat' dir='ltr'>atque</span> <span class='ocrx_word' id='word_1_120' title='bbox 1160 1942 1371 2008; x_wconf 90' lang='lat' dir='ltr'>colere</span> <span class='ocrx_word' id='word_1_121' title='bbox 1413 1961 1532 2007; x_wconf 90' lang='lat' dir='ltr'>nos</span> <span class='ocrx_word' id='word_1_122' title='bbox 1577 1941 1832 2009; x_wconf 88' lang='lat' dir='ltr'>decebit</span> <span class='ocrx_word' id='word_1_123' title='bbox 1847 1992 1865 2026; x_wconf 89' lang='lat'><em>‚</em></span> <span class='ocrx_word' id='word_1_124' title='bbox 1937 1950 2008 2008; x_wconf 93' lang='lat' dir='ltr'>ut</span> <span class='ocrx_word' id='word_1_125' title='bbox 2053 1943 2195 2026; x_wconf 91' lang='lat' dir='ltr'>ipse</span> <span class='ocrx_word' id='word_1_126' title='bbox 2238 1943 2548 2011; x_wconf 82' lang='lat' dir='ltr'>Goethius</span> <span class='ocrx_word' id='word_1_127' title='bbox 2601 1944 2758 2011; x_wconf 83' lang='lat' dir='ltr'>fecit</span> 
     </span>
     <span class='ocr_line' id='line_1_16' title="bbox 407 2042 2756 2126; baseline 0.001 -17"><span class='ocrx_word' id='word_1_128' title='bbox 407 2045 516 2126; x_wconf 92' lang='lat' dir='ltr'>qui</span> <span class='ocrx_word' id='word_1_129' title='bbox 559 2042 845 2109; x_wconf 88' lang='lat' dir='ltr'>carmina</span> <span class='ocrx_word' id='word_1_130' title='bbox 884 2043 1091 2107; x_wconf 88' lang='lat' dir='ltr'>latina</span> <span class='ocrx_word' id='word_1_131' title='bbox 1134 2043 1596 2109; x_wconf 83' lang='lat' dir='ltr'>Germanorum</span> <span class='ocrx_word' id='word_1_132' title='bbox 1640 2064 1797 2110; x_wconf 88' lang='lat' dir='ltr'>suae</span> <span class='ocrx_word' id='word_1_133' title='bbox 1851 2045 2043 2111; x_wconf 89' lang='lat' dir='ltr'>etiam</span> <span class='ocrx_word' id='word_1_134' title='bbox 2102 2045 2298 2111; x_wconf 89' lang='lat' dir='ltr'>aetati</span> <span class='ocrx_word' id='word_1_135' title='bbox 2352 2046 2756 2112; x_wconf 87' lang='lat' dir='ltr'>commenda-</span> 
     </span>
     <span class='ocr_line' id='line_1_17' title="bbox 402 2145 2757 2232; baseline 0.001 -21"><span class='ocrx_word' id='word_1_136' title='bbox 402 2146 497 2211; x_wconf 87' lang='lat' dir='ltr'>vit</span> <span class='ocrx_word' id='word_1_137' title='bbox 512 2167 528 2229; x_wconf 81' lang='lat'>3</span> <span class='ocrx_word' id='word_1_138' title='bbox 545 2146 591 2222; x_wconf 72' lang='grc'>3)</span> <span class='ocrx_word' id='word_1_139' title='bbox 635 2145 759 2209; x_wconf 91' lang='lat' dir='ltr'>hoc</span> <span class='ocrx_word' id='word_1_140' title='bbox 801 2150 1049 2209; x_wconf 86' lang='lat' dir='ltr'>tantum</span> <span class='ocrx_word' id='word_1_141' title='bbox 1091 2164 1352 2211; x_wconf 90' lang='lat' dir='ltr'>monere</span> <span class='ocrx_word' id='word_1_142' title='bbox 1394 2146 1601 2227; x_wconf 88' lang='lat' dir='ltr'>volui,</span> <span class='ocrx_word' id='word_1_143' title='bbox 1645 2146 1762 2211; x_wconf 94' lang='lat' dir='ltr'>illo</span> <span class='ocrx_word' id='word_1_144' title='bbox 1804 2152 2092 2229; x_wconf 91' lang='lat' dir='ltr'>tempore</span> <span class='ocrx_word' id='word_1_145' title='bbox 2131 2146 2564 2228; x_wconf 85' lang='lat' dir='ltr'>germanicam</span> <span class='ocrx_word' id='word_1_146' title='bbox 2604 2168 2757 2232; x_wconf 89' lang='lat' dir='ltr'>poe-</span> 
     </span>
     <span class='ocr_line' id='line_1_18' title="bbox 399 2244 2754 2330; baseline 0.001 -17"><span class='ocrx_word' id='word_1_147' title='bbox 399 2246 503 2313; x_wconf 89' lang='lat' dir='ltr'>sin</span> <span class='ocrx_word' id='word_1_148' title='bbox 545 2246 777 2312; x_wconf 89' lang='lat' dir='ltr'>iniuria</span> <span class='ocrx_word' id='word_1_149' title='bbox 819 2244 1095 2327; x_wconf 90' lang='lat' dir='ltr'>quadam</span> <span class='ocrx_word' id='word_1_150' title='bbox 1141 2245 1510 2330; x_wconf 90' lang='lat' dir='ltr'>depressam</span> <span class='ocrx_word' id='word_1_151' title='bbox 1551 2248 1768 2313; x_wconf 85' lang='lat' dir='ltr'>fuisse.</span> <span class='ocrx_word' id='word_1_152' title='bbox 1828 2247 2033 2326; x_wconf 81' lang='lat' dir='ltr'>Quam</span> <span class='ocrx_word' id='word_1_153' title='bbox 2075 2247 2372 2314; x_wconf 91' lang='lat' dir='ltr'>iniuriam</span> <span class='ocrx_word' id='word_1_154' title='bbox 2414 2270 2585 2315; x_wconf 91' lang='lat' dir='ltr'>nunc</span> <span class='ocrx_word' id='word_1_155' title='bbox 2623 2250 2754 2316; x_wconf 89' lang='lat' dir='ltr'>alio</span> 
     </span>
     <span class='ocr_line' id='line_1_19' title="bbox 398 2347 2755 2431; baseline 0.001 -17"><span class='ocrx_word' id='word_1_156' title='bbox 398 2347 594 2414; x_wconf 92' lang='lat' dir='ltr'>modo</span> <span class='ocrx_word' id='word_1_157' title='bbox 639 2347 821 2429; x_wconf 88' lang='lat' dir='ltr'>quasi</span> <span class='ocrx_word' id='word_1_158' title='bbox 861 2347 1259 2431; x_wconf 90' lang='lat' dir='ltr'>reciprocant</span> <span class='ocrx_word' id='word_1_159' title='bbox 1309 2348 1356 2413; x_wconf 91' lang='lat' dir='ltr'>ii</span> <span class='ocrx_word' id='word_1_160' title='bbox 1369 2398 1386 2431; x_wconf 90' lang='lat'><em>‚</em></span> <span class='ocrx_word' id='word_1_161' title='bbox 1461 2350 1570 2431; x_wconf 90' lang='lat' dir='ltr'>qui</span> <span class='ocrx_word' id='word_1_162' title='bbox 1627 2349 1778 2414; x_wconf 91' lang='lat' dir='ltr'>dum</span> <span class='ocrx_word' id='word_1_163' title='bbox 1831 2349 2186 2415; x_wconf 88' lang='lat' dir='ltr'>litterarum</span> <span class='ocrx_word' id='word_1_164' title='bbox 2231 2350 2755 2416; x_wconf 82' lang='lat' dir='ltr'>Germanicarum</span> 
     </span>
     <span class='ocr_line' id='line_1_20' title="bbox 400 2449 2753 2533; baseline 0.001 -18"><span class='ocrx_word' id='word_1_165' title='bbox 400 2449 732 2516; x_wconf 85' lang='lat' dir='ltr'>historiam</span> <span class='ocrx_word' id='word_1_166' title='bbox 775 2449 1076 2532; x_wconf 90' lang='lat' dir='ltr'>scribunt,</span> <span class='ocrx_word' id='word_1_167' title='bbox 1121 2457 1345 2533; x_wconf 88' lang='lat' dir='ltr'>poetas</span> <span class='ocrx_word' id='word_1_168' title='bbox 1388 2451 1622 2516; x_wconf 89' lang='lat' dir='ltr'>latinos</span> <span class='ocrx_word' id='word_1_169' title='bbox 1653 2451 2118 2518; x_wconf 80' lang='lat' dir='ltr'>Germanorum</span> <span class='ocrx_word' id='word_1_170' title='bbox 2158 2451 2464 2517; x_wconf 91' lang='lat' dir='ltr'>iniurioso</span> <span class='ocrx_word' id='word_1_171' title='bbox 2496 2453 2753 2518; x_wconf 91' lang='lat' dir='ltr'>silentio</span> 
     </span>
     <span class='ocr_line' id='line_1_21' title="bbox 399 2541 2750 2637; baseline 0.001 -19"><span class='ocrx_word' id='word_1_172' title='bbox 399 2556 830 2637; x_wconf 86' lang='lat' dir='ltr'>praetereunt.</span> <span class='ocrx_word' id='word_1_173' title='bbox 945 2550 1030 2618; x_wconf 91' lang='lat' dir='ltr'>Hi</span> <span class='ocrx_word' id='word_1_174' title='bbox 1100 2541 1295 2618; x_wconf 62' lang='lat' dir='ltr'>{selim</span> <span class='ocrx_word' id='word_1_175' title='bbox 1364 2553 1588 2636; x_wconf 88' lang='lat' dir='ltr'>legant</span> <span class='ocrx_word' id='word_1_176' title='bbox 1655 2553 2248 2636; x_wconf 84' lang='lat' dir='ltr'>interpretationem</span> <span class='ocrx_word' id='word_1_177' title='bbox 2318 2556 2750 2637; x_wconf 88' lang='lat' dir='ltr'>germanicam</span> 
     </span>
     <span class='ocr_line' id='line_1_22' title="bbox 397 2652 2750 2723; baseline 0.001 -3"><span class='ocrx_word' id='word_1_178' title='bbox 397 2654 709 2720; x_wconf 88' lang='lat' dir='ltr'>Iohannis</span> <span class='ocrx_word' id='word_1_179' title='bbox 763 2652 1042 2718; x_wconf 84' lang='lat' dir='ltr'>Secundi</span> <span class='ocrx_word' id='word_1_180' title='bbox 1096 2654 1430 2720; x_wconf 87' lang='lat' dir='ltr'>Basiorum</span> <span class='ocrx_word' id='word_1_181' title='bbox 1497 2676 1539 2720; x_wconf 88' lang='lat' dir='ltr'>a</span> <span class='ocrx_word' id='word_1_182' title='bbox 1595 2656 1699 2721; x_wconf 87' lang='lat' dir='ltr'>Fr.</span> <span class='ocrx_word' id='word_1_183' title='bbox 1761 2656 2069 2722; x_wconf 86' lang='lat' dir='ltr'>Passovio</span> <span class='ocrx_word' id='word_1_184' title='bbox 2141 2661 2206 2722; x_wconf 91' lang='lat' dir='ltr'>et</span> <span class='ocrx_word' id='word_1_185' title='bbox 2276 2658 2625 2722; x_wconf 86' lang='lat' dir='ltr'>carminum</span> <span class='ocrx_word' id='word_1_186' title='bbox 2676 2657 2750 2723; x_wconf 95' lang='lat' dir='ltr'>P.</span> 
     </span>
     <span class='ocr_line' id='line_1_23' title="bbox 398 2754 1892 2835; baseline 0 -14"><span class='ocrx_word' id='word_1_187' title='bbox 398 2756 677 2822; x_wconf 89' lang='lat' dir='ltr'>Lotichii</span> <span class='ocrx_word' id='word_1_188' title='bbox 718 2754 785 2817; x_wconf 92' lang='lat' dir='ltr'>II</span> <span class='ocrx_word' id='word_1_189' title='bbox 828 2754 911 2819; x_wconf 91' lang='lat' dir='ltr'>ab</span> <span class='ocrx_word' id='word_1_190' title='bbox 956 2756 1031 2819; x_wconf 88' lang='grc' dir='ltr'>Ε.</span> <span class='ocrx_word' id='word_1_191' title='bbox 1079 2755 1156 2820; x_wconf 72' lang='lat' dir='ltr'>Cr.</span> <span class='ocrx_word' id='word_1_192' title='bbox 1200 2756 1538 2822; x_wconf 90' lang='lat' dir='ltr'>Koestlino</span> <span class='ocrx_word' id='word_1_193' title='bbox 1581 2758 1892 2835; x_wconf 75' lang='lat' dir='ltr'>factam.⁴)</span> 
     </span>
    </p>
   </div>
   <div class='ocr_carea' id='block_1_3' title="bbox 574 2845 2862 2943">
    <p class='ocr_par' dir='ltr' id='par_1_3' title="bbox 574 2845 2862 2943">
     <span class='ocr_line' id='line_1_24' title="bbox 574 2845 2862 2943; baseline 0.001 -20"><span class='ocrx_word' id='word_1_194' title='bbox 574 2858 680 2923; x_wconf 91' lang='lat' dir='ltr'>Sic</span> <span class='ocrx_word' id='word_1_195' title='bbox 732 2855 926 2938; x_wconf 90' lang='lat' dir='ltr'>igitur</span> <span class='ocrx_word' id='word_1_196' title='bbox 981 2856 1287 2923; x_wconf 84' lang='lat' dir='ltr'>Germani</span> <span class='ocrx_word' id='word_1_197' title='bbox 1346 2859 1628 2942; x_wconf 89' lang='lat' dir='ltr'>praemio</span> <span class='ocrx_word' id='word_1_198' title='bbox 1687 2861 2015 2943; x_wconf 90' lang='lat' dir='ltr'>proposito</span> <span class='ocrx_word' id='word_1_199' title='bbox 2070 2880 2111 2925; x_wconf 89' lang='lat' dir='ltr'>a</span> <span class='ocrx_word' id='word_1_200' title='bbox 2166 2859 2547 2926; x_wconf 86' lang='lat' dir='ltr'>Caesaribus</span> <span class='ocrx_word' id='word_1_201' title='bbox 2619 2858 2751 2925; x_wconf 92' lang='lat' dir='ltr'>suis</span> <span class='ocrx_word' id='word_1_202' title='bbox 2852 2845 2862 2855; x_wconf 65' lang='grc'><strong>’</strong></span> 
     </span>
    </p>
   </div>
   <div class='ocr_carea' id='block_1_4' title="bbox 400 2959 2750 3044">
    <p class='ocr_par' dir='ltr' id='par_1_4' title="bbox 400 2959 2750 3044">
     <span class='ocr_line' id='line_1_25' title="bbox 400 2959 2750 3044; baseline -0 -19"><span class='ocrx_word' id='word_1_203' title='bbox 400 2959 965 3025; x_wconf 86' lang='lat' dir='ltr'>commovebantur</span> <span class='ocrx_word' id='word_1_204' title='bbox 1017 2959 1103 3024; x_wconf 89' lang='lat' dir='ltr'>ad</span> <span class='ocrx_word' id='word_1_205' title='bbox 1158 2961 1362 3026; x_wconf 92' lang='lat' dir='ltr'>solam</span> <span class='ocrx_word' id='word_1_206' title='bbox 1419 2961 1645 3044; x_wconf 88' lang='lat' dir='ltr'>poesin</span> <span class='ocrx_word' id='word_1_207' title='bbox 1703 2961 1959 3024; x_wconf 78' lang='lat' dir='ltr'>latinam</span> <span class='ocrx_word' id='word_1_208' title='bbox 2017 2961 2455 3028; x_wconf 82' lang='lat' dir='ltr'>excolendam.</span> <span class='ocrx_word' id='word_1_209' title='bbox 2543 2959 2750 3038; x_wconf 82' lang='lat' dir='ltr'>Quam</span> 
     </span>
    </p>
   </div>
   <div class='ocr_carea' id='block_1_5' title="bbox 395 3211 2749 4537">
    <p class='ocr_par' dir='ltr' id='par_1_5' title="bbox 395 3211 2749 4537">
     <span class='ocr_line' id='line_1_26' title="bbox 401 3211 2748 3280; baseline 0.001 -17"><span class='ocrx_word' id='word_1_210' title='bbox 401 3220 659 3265; x_wconf 85' lang='lat' dir='ltr'>auctorem</span> <span class='ocrx_word' id='word_1_211' title='bbox 695 3212 1088 3264; x_wconf 84' lang='lat' dir='ltr'>Theuerdankii.</span> <span class='ocrx_word' id='word_1_212' title='bbox 1228 3212 1262 3276; x_wconf 90' lang='lat'>¹)</span> <span class='ocrx_word' id='word_1_213' title='bbox 1299 3229 1343 3263; x_wconf 83' lang='lat' dir='ltr'>v.</span> <span class='ocrx_word' id='word_1_214' title='bbox 1381 3213 1440 3263; x_wconf 87' lang='lat' dir='ltr'>L.</span> <span class='ocrx_word' id='word_1_215' title='bbox 1479 3213 1655 3265; x_wconf 87' lang='lat' dir='ltr'>Ranke</span> <span class='ocrx_word' id='word_1_216' title='bbox 1691 3213 1724 3265; x_wconf 95' lang='lat'>1.</span> <span class='ocrx_word' id='word_1_217' title='bbox 1762 3214 1821 3264; x_wconf 87' lang='lat' dir='ltr'>V.</span> <span class='ocrx_word' id='word_1_218' title='bbox 1859 3230 1909 3278; x_wconf 88' lang='lat' dir='ltr'>p.</span> <span class='ocrx_word' id='word_1_219' title='bbox 1946 3216 2065 3267; x_wconf 86' lang='lat'><strong>411.</strong></span> <span class='ocrx_word' id='word_1_220' title='bbox 2205 3212 2243 3280; x_wconf 81' lang='lat'>⁸)</span> <span class='ocrx_word' id='word_1_221' title='bbox 2279 3214 2391 3278; x_wconf 82' lang='lat' dir='ltr'>lpse</span> <span class='ocrx_word' id='word_1_222' title='bbox 2440 3211 2648 3261; x_wconf 84' lang='lat' dir='ltr'>Carolus</span> <span class='ocrx_word' id='word_1_223' title='bbox 2687 3212 2748 3266; x_wconf 88' lang='lat' dir='ltr'>V.</span> 
     </span>
     <span class='ocr_line' id='line_1_27' title="bbox 399 3297 2747 3365; baseline 0 -18"><span class='ocrx_word' id='word_1_224' title='bbox 399 3298 845 3348; x_wconf 85' lang='lat' dir='ltr'>Theuerdankium</span> <span class='ocrx_word' id='word_1_225' title='bbox 881 3298 1015 3349; x_wconf 81' lang='lat' dir='ltr'>dixit</span> <span class='ocrx_word' id='word_1_226' title='bbox 1050 3299 1455 3363; x_wconf 74' lang='lat' dir='ltr'>eleyantt&#39;ssimum</span> <span class='ocrx_word' id='word_1_227' title='bbox 1488 3300 1817 3365; x_wconf 74' lang='lat' dir='ltr'>yermcmicum</span> <span class='ocrx_word' id='word_1_228' title='bbox 1852 3317 2059 3350; x_wconf 79' lang='lat' dir='ltr'>carmen.</span> <span class='ocrx_word' id='word_1_229' title='bbox 2197 3299 2233 3362; x_wconf 83' lang='lat'>³)</span> <span class='ocrx_word' id='word_1_230' title='bbox 2270 3298 2443 3348; x_wconf 86' lang='lat' dir='ltr'>Kunst</span> <span class='ocrx_word' id='word_1_231' title='bbox 2460 3297 2564 3347; x_wconf 88' lang='lat' dir='ltr'>und</span> <span class='ocrx_word' id='word_1_232' title='bbox 2581 3297 2747 3347; x_wconf 77' lang='lat' dir='ltr'>Alter·</span> 
     </span>
     <span class='ocr_line' id='line_1_28' title="bbox 398 3381 2748 3449; baseline 0 -16"><span class='ocrx_word' id='word_1_233' title='bbox 398 3383 546 3433; x_wconf 88' lang='lat' dir='ltr'>thum</span> <span class='ocrx_word' id='word_1_234' title='bbox 580 3385 623 3442; x_wconf 92' lang='grc' dir='ltr'>Ι,</span> <span class='ocrx_word' id='word_1_235' title='bbox 660 3386 705 3435; x_wconf 90' lang='lat'>3.</span> <span class='ocrx_word' id='word_1_236' title='bbox 743 3399 792 3449; x_wconf 87' lang='lat' dir='ltr'>p.</span> <span class='ocrx_word' id='word_1_237' title='bbox 829 3385 925 3434; x_wconf 84' lang='lat'>45:</span> <span class='ocrx_word' id='word_1_238' title='bbox 963 3382 1162 3445; x_wconf 78' lang='lat' dir='ltr'>„Einer</span> <span class='ocrx_word' id='word_1_239' title='bbox 1195 3381 1411 3432; x_wconf 68' lang='lat' dir='ltr'>freieren</span> <span class='ocrx_word' id='word_1_240' title='bbox 1446 3383 1818 3444; x_wconf 82' lang='lat' dir='ltr'>Weltansicht,</span> <span class='ocrx_word' id='word_1_241' title='bbox 1862 3382 1945 3433; x_wconf 86' lang='lat' dir='ltr'>die</span> <span class='ocrx_word' id='word_1_242' title='bbox 1980 3383 2070 3433; x_wconf 89' lang='lat' dir='ltr'>der</span> <span class='ocrx_word' id='word_1_243' title='bbox 2102 3383 2361 3434; x_wconf 88' lang='lat' dir='ltr'>Deutschc</span> <span class='ocrx_word' id='word_1_244' title='bbox 2398 3382 2508 3432; x_wconf 88' lang='lat' dir='ltr'>sich</span> <span class='ocrx_word' id='word_1_245' title='bbox 2541 3397 2604 3431; x_wconf 86' lang='lat' dir='ltr'>zu</span> <span class='ocrx_word' id='word_1_246' title='bbox 2638 3398 2748 3433; x_wconf 82' lang='lat' dir='ltr'>ver·</span> 
     </span>
     <span class='ocr_line' id='line_1_29' title="bbox 397 3466 2749 3533; baseline 0 -17"><span class='ocrx_word' id='word_1_247' title='bbox 397 3468 664 3517; x_wconf 82' lang='lat' dir='ltr'>kummern</span> <span class='ocrx_word' id='word_1_248' title='bbox 700 3467 792 3517; x_wconf 82' lang='lat' dir='ltr'>auf</span> <span class='ocrx_word' id='word_1_249' title='bbox 821 3467 935 3518; x_wconf 85' lang='lat' dir='ltr'>dem</span> <span class='ocrx_word' id='word_1_250' title='bbox 971 3468 1104 3531; x_wconf 80' lang='lat' dir='ltr'>ch</span> <span class='ocrx_word' id='word_1_251' title='bbox 1137 3466 1233 3529; x_wconf 83' lang='lat' dir='ltr'>ist,</span> <span class='ocrx_word' id='word_1_252' title='bbox 1283 3467 1454 3518; x_wconf 67' lang='lat' dir='ltr'>warde</span> <span class='ocrx_word' id='word_1_253' title='bbox 1490 3468 1606 3517; x_wconf 86' lang='lat' dir='ltr'>sehr</span> <span class='ocrx_word' id='word_1_254' title='bbox 1640 3484 1703 3518; x_wconf 83' lang='lat' dir='ltr'>zu</span> <span class='ocrx_word' id='word_1_255' title='bbox 1739 3472 1931 3519; x_wconf 86' lang='lat' dir='ltr'>statten</span> <span class='ocrx_word' id='word_1_256' title='bbox 1965 3467 2225 3531; x_wconf 87' lang='lat' dir='ltr'>kommen,</span> <span class='ocrx_word' id='word_1_257' title='bbox 2266 3484 2411 3518; x_wconf 84' lang='lat' dir='ltr'>wenn</span> <span class='ocrx_word' id='word_1_258' title='bbox 2446 3468 2527 3517; x_wconf 87' lang='lat' dir='ltr'>cin</span> <span class='ocrx_word' id='word_1_259' title='bbox 2561 3466 2749 3533; x_wconf 79' lang='lat' dir='ltr'>junget</span> 
     </span>
     <span class='ocr_line' id='line_1_30' title="bbox 398 3551 2747 3617; baseline 0 -15"><span class='ocrx_word' id='word_1_260' title='bbox 398 3553 732 3616; x_wconf 83' lang='lat' dir='ltr'>geistreicher</span> <span class='ocrx_word' id='word_1_261' title='bbox 778 3551 1044 3602; x_wconf 86' lang='lat' dir='ltr'>Gelehrter</span> <span class='ocrx_word' id='word_1_262' title='bbox 1090 3551 1180 3602; x_wconf 83' lang='lat' dir='ltr'>das</span> <span class='ocrx_word' id='word_1_263' title='bbox 1226 3551 1477 3601; x_wconf 81' lang='lat' dir='ltr'>wahrhaft</span> <span class='ocrx_word' id='word_1_264' title='bbox 1524 3553 1789 3617; x_wconf 85' lang='lat' dir='ltr'>poetische</span> <span class='ocrx_word' id='word_1_265' title='bbox 1837 3552 2110 3604; x_wconf 85' lang='lat' dir='ltr'>Verdienst</span> <span class='ocrx_word' id='word_1_266' title='bbox 2155 3569 2220 3602; x_wconf 87' lang='lat' dir='ltr'>zu</span> <span class='ocrx_word' id='word_1_267' title='bbox 2270 3552 2529 3617; x_wconf 66' lang='lat' dir='ltr'>wardigen</span> <span class='ocrx_word' id='word_1_268' title='bbox 2573 3557 2747 3603; x_wconf 85' lang='lat' dir='ltr'>unter-</span> 
     </span>
     <span class='ocr_line' id='line_1_31' title="bbox 397 3636 2746 3705; baseline 0 -18"><span class='ocrx_word' id='word_1_269' title='bbox 397 3638 607 3699; x_wconf 71' lang='lat' dir='ltr'>nahme,</span> <span class='ocrx_word' id='word_1_270' title='bbox 661 3636 880 3687; x_wconf 82' lang='lat' dir='ltr'>welches</span> <span class='ocrx_word' id='word_1_271' title='bbox 929 3636 1168 3686; x_wconf 88' lang='lat' dir='ltr'>deutsche</span> <span class='ocrx_word' id='word_1_272' title='bbox 1203 3637 1417 3686; x_wconf 81' lang='lat' dir='ltr'>Dichter</span> <span class='ocrx_word' id='word_1_273' title='bbox 1463 3639 1514 3688; x_wconf 83' lang='lat' dir='ltr'>in</span> <span class='ocrx_word' id='word_1_274' title='bbox 1561 3639 1650 3689; x_wconf 83' lang='lat' dir='ltr'>der</span> <span class='ocrx_word' id='word_1_275' title='bbox 1697 3639 2014 3689; x_wconf 74' lang='lat' dir='ltr'>lateinischen</span> <span class='ocrx_word' id='word_1_276' title='bbox 2050 3638 2279 3705; x_wconf 75' lang='lat' dir='ltr'>Sprachc</span> <span class='ocrx_word' id='word_1_277' title='bbox 2321 3637 2420 3687; x_wconf 84' lang='lat' dir='ltr'>seit</span> <span class='ocrx_word' id='word_1_278' title='bbox 2454 3636 2563 3687; x_wconf 87' lang='lat' dir='ltr'>drei</span> <span class='ocrx_word' id='word_1_279' title='bbox 2596 3638 2746 3688; x_wconf 81' lang='lat' dir='ltr'>Jahr-</span> 
     </span>
     <span class='ocr_line' id='line_1_32' title="bbox 397 3720 2749 3787; baseline 0.001 -17"><span class='ocrx_word' id='word_1_280' title='bbox 397 3722 685 3772; x_wconf 87' lang='lat' dir='ltr'>hunderten</span> <span class='ocrx_word' id='word_1_281' title='bbox 735 3736 801 3770; x_wconf 84' lang='lat' dir='ltr'>an</span> <span class='ocrx_word' id='word_1_282' title='bbox 855 3721 952 3771; x_wconf 89' lang='lat' dir='ltr'>den</span> <span class='ocrx_word' id='word_1_283' title='bbox 1004 3721 1113 3786; x_wconf 83' lang='lat' dir='ltr'>Tag</span> <span class='ocrx_word' id='word_1_284' title='bbox 1163 3720 1405 3786; x_wconf 82' lang='lat' dir='ltr'>gegeben.</span> <span class='ocrx_word' id='word_1_285' title='bbox 1484 3723 1558 3771; x_wconf 87' lang='lat' dir='ltr'>Es</span> <span class='ocrx_word' id='word_1_286' title='bbox 1614 3722 1785 3773; x_wconf 69' lang='lat' dir='ltr'>warde</span> <span class='ocrx_word' id='word_1_287' title='bbox 1837 3722 2019 3773; x_wconf 84' lang='lat' dir='ltr'>daraus</span> <span class='ocrx_word' id='word_1_288' title='bbox 2069 3723 2440 3787; x_wconf 85' lang='lat' dir='ltr'>hervorgehen‚</span> <span class='ocrx_word' id='word_1_289' title='bbox 2495 3721 2609 3772; x_wconf 83' lang='lat' dir='ltr'>dass</span> <span class='ocrx_word' id='word_1_290' title='bbox 2660 3723 2749 3773; x_wconf 84' lang='lat' dir='ltr'>der</span> 
     </span>
     <span class='ocr_line' id='line_1_33' title="bbox 396 3805 2749 3872; baseline 0 -16"><span class='ocrx_word' id='word_1_291' title='bbox 396 3805 654 3856; x_wconf 85' lang='lat' dir='ltr'>Deutsche</span> <span class='ocrx_word' id='word_1_292' title='bbox 689 3805 799 3855; x_wconf 86' lang='lat' dir='ltr'>sich</span> <span class='ocrx_word' id='word_1_293' title='bbox 833 3810 946 3856; x_wconf 85' lang='lat' dir='ltr'>treu</span> <span class='ocrx_word' id='word_1_294' title='bbox 981 3805 1143 3856; x_wconf 86' lang='lat' dir='ltr'>bleibt</span> <span class='ocrx_word' id='word_1_295' title='bbox 1176 3806 1281 3855; x_wconf 89' lang='lat' dir='ltr'>und</span> <span class='ocrx_word' id='word_1_296' title='bbox 1316 3821 1463 3856; x_wconf 82' lang='lat' dir='ltr'>wenn</span> <span class='ocrx_word' id='word_1_297' title='bbox 1497 3822 1552 3856; x_wconf 84' lang='lat' dir='ltr'>er</span> <span class='ocrx_word' id='word_1_298' title='bbox 1586 3807 1716 3857; x_wconf 84' lang='lat' dir='ltr'>auch</span> <span class='ocrx_word' id='word_1_299' title='bbox 1751 3807 1850 3857; x_wconf 81' lang='lat' dir='ltr'>mit</span> <span class='ocrx_word' id='word_1_300' title='bbox 1880 3806 2106 3857; x_wconf 80' lang='lat' dir='ltr'>fremden</span> <span class='ocrx_word' id='word_1_301' title='bbox 2122 3806 2338 3872; x_wconf 81' lang='lat' dir='ltr'>Zungen</span> <span class='ocrx_word' id='word_1_302' title='bbox 2360 3807 2572 3871; x_wconf 81' lang='lat' dir='ltr'>spricht.</span> <span class='ocrx_word' id='word_1_303' title='bbox 2631 3807 2749 3857; x_wconf 89' lang='lat' dir='ltr'>Wir</span> 
     </span>
     <span class='ocr_line' id='line_1_34' title="bbox 396 3889 2746 3956; baseline 0.001 -17"><span class='ocrx_word' id='word_1_304' title='bbox 396 3890 578 3940; x_wconf 82' lang='lat' dir='ltr'>durfen</span> <span class='ocrx_word' id='word_1_305' title='bbox 614 3906 712 3939; x_wconf 87' lang='lat' dir='ltr'>nur</span> <span class='ocrx_word' id='word_1_306' title='bbox 748 3889 835 3940; x_wconf 86' lang='lat' dir='ltr'>des</span> <span class='ocrx_word' id='word_1_307' title='bbox 861 3891 892 3939; x_wconf 84' lang='lat' dir='ltr'><strong>J</strong></span> <span class='ocrx_word' id='word_1_308' title='bbox 896 3892 1119 3941; x_wconf 82' lang='lat' dir='ltr'>ohannes</span> <span class='ocrx_word' id='word_1_309' title='bbox 1150 3891 1412 3942; x_wconf 87' lang='lat' dir='ltr'>Secundus</span> <span class='ocrx_word' id='word_1_310' title='bbox 1437 3890 1546 3941; x_wconf 87' lang='lat' dir='ltr'>und</span> <span class='ocrx_word' id='word_1_311' title='bbox 1572 3891 1771 3942; x_wconf 86' lang='lat' dir='ltr'>Balde’s</span> <span class='ocrx_word' id='word_1_312' title='bbox 1805 3892 2085 3956; x_wconf 85' lang='lat' dir='ltr'>gedenken.</span> <span class='ocrx_word' id='word_1_313' title='bbox 2136 3892 2411 3943; x_wconf 87' lang='lat' dir='ltr'>Vielleicht</span> <span class='ocrx_word' id='word_1_314' title='bbox 2442 3890 2746 3943; x_wconf 69' lang='lat' dir='ltr'>ubernahme</span> 
     </span>
     <span class='ocr_line' id='line_1_35' title="bbox 396 3974 2747 4041; baseline 0.001 -17"><span class='ocrx_word' id='word_1_315' title='bbox 396 3974 488 4025; x_wconf 85' lang='lat' dir='ltr'>der</span> <span class='ocrx_word' id='word_1_316' title='bbox 522 3975 849 4025; x_wconf 84' lang='lat' dir='ltr'>Uebersctzcr</span> <span class='ocrx_word' id='word_1_317' title='bbox 883 3974 971 4026; x_wconf 86' lang='lat' dir='ltr'>des</span> <span class='ocrx_word' id='word_1_318' title='bbox 1007 3980 1191 4038; x_wconf 89' lang='lat' dir='ltr'>ersten,</span> <span class='ocrx_word' id='word_1_319' title='bbox 1226 3975 1362 4025; x_wconf 77' lang='lat' dir='ltr'>Hen-</span> <span class='ocrx_word' id='word_1_320' title='bbox 1394 3978 1612 4038; x_wconf 83' lang='lat' dir='ltr'>Passow,</span> <span class='ocrx_word' id='word_1_321' title='bbox 1649 3977 1787 4027; x_wconf 84' lang='lat' dir='ltr'>diese</span> <span class='ocrx_word' id='word_1_322' title='bbox 1822 3976 2212 4029; x_wconf 84' lang='lat' dir='ltr'>verdienstliche</span> <span class='ocrx_word' id='word_1_323' title='bbox 2246 3976 2440 4029; x_wconf 85' lang='lat' dir='ltr'>Arbeit.</span> <span class='ocrx_word' id='word_1_324' title='bbox 2500 3975 2747 4041; x_wconf 83' lang='lat' dir='ltr'>Zugleich</span> 
     </span>
     <span class='ocr_line' id='line_1_36' title="bbox 395 4057 2745 4126; baseline 0.001 -18"><span class='ocrx_word' id='word_1_325' title='bbox 395 4060 568 4109; x_wconf 78' lang='lat' dir='ltr'>wurde</span> <span class='ocrx_word' id='word_1_326' title='bbox 604 4076 658 4109; x_wconf 89' lang='lat' dir='ltr'>er</span> <span class='ocrx_word' id='word_1_327' title='bbox 692 4057 935 4110; x_wconf 81' lang='lat' dir='ltr'>beachten</span> <span class='ocrx_word' id='word_1_328' title='bbox 953 4097 966 4122; x_wconf 89' lang='lat'>,</span> <span class='ocrx_word' id='word_1_329' title='bbox 1003 4060 1098 4111; x_wconf 84' lang='lat' dir='ltr'>wie</span> <span class='ocrx_word' id='word_1_330' title='bbox 1133 4062 1263 4111; x_wconf 85' lang='lat' dir='ltr'>auch</span> <span class='ocrx_word' id='word_1_331' title='bbox 1298 4061 1454 4112; x_wconf 86' lang='lat' dir='ltr'>andre</span> <span class='ocrx_word' id='word_1_332' title='bbox 1488 4061 1742 4126; x_wconf 83' lang='lat' dir='ltr'>gebildete</span> <span class='ocrx_word' id='word_1_333' title='bbox 1776 4061 2035 4112; x_wconf 83' lang='lat' dir='ltr'>Nationen</span> <span class='ocrx_word' id='word_1_334' title='bbox 2072 4078 2137 4113; x_wconf 87' lang='lat' dir='ltr'>zu</span> <span class='ocrx_word' id='word_1_335' title='bbox 2170 4059 2259 4113; x_wconf 85' lang='lat' dir='ltr'>der</span> <span class='ocrx_word' id='word_1_336' title='bbox 2283 4061 2427 4125; x_wconf 88' lang='lat' dir='ltr'>Zeit,</span> <span class='ocrx_word' id='word_1_337' title='bbox 2465 4061 2538 4111; x_wconf 85' lang='lat' dir='ltr'>als</span> <span class='ocrx_word' id='word_1_338' title='bbox 2572 4061 2745 4111; x_wconf 86' lang='lat' dir='ltr'>Latei-</span> 
     </span>
     <span class='ocr_line' id='line_1_37' title="bbox 398 4143 2747 4210; baseline 0.001 -17"><span class='ocrx_word' id='word_1_339' title='bbox 398 4144 547 4194; x_wconf 85' lang='lat' dir='ltr'>nisch</span> <span class='ocrx_word' id='word_1_340' title='bbox 583 4143 666 4194; x_wconf 87' lang='lat' dir='ltr'>die</span> <span class='ocrx_word' id='word_1_341' title='bbox 701 4143 1055 4209; x_wconf 83' lang='lat' dir='ltr'>Weltsprache</span> <span class='ocrx_word' id='word_1_342' title='bbox 1089 4162 1193 4196; x_wconf 83' lang='lat' dir='ltr'>war</span> <span class='ocrx_word' id='word_1_343' title='bbox 1208 4183 1223 4208; x_wconf 90' lang='lat'>,</span> <span class='ocrx_word' id='word_1_344' title='bbox 1279 4146 1336 4197; x_wconf 92' lang='lat' dir='ltr'>in</span> <span class='ocrx_word' id='word_1_345' title='bbox 1372 4146 1455 4197; x_wconf 88' lang='lat' dir='ltr'>ihr</span> <span class='ocrx_word' id='word_1_346' title='bbox 1487 4145 1748 4210; x_wconf 82' lang='lat' dir='ltr'>gedichtet</span> <span class='ocrx_word' id='word_1_347' title='bbox 1782 4146 1888 4197; x_wconf 85' lang='lat' dir='ltr'>und</span> <span class='ocrx_word' id='word_1_348' title='bbox 1924 4146 2035 4198; x_wconf 87' lang='lat' dir='ltr'>sich</span> <span class='ocrx_word' id='word_1_349' title='bbox 2087 4146 2179 4196; x_wconf 82' lang='lat' dir='ltr'>auf</span> <span class='ocrx_word' id='word_1_350' title='bbox 2225 4147 2339 4197; x_wconf 89' lang='lat' dir='ltr'>eine</span> <span class='ocrx_word' id='word_1_351' title='bbox 2375 4146 2546 4197; x_wconf 86' lang='lat' dir='ltr'>Weise</span> <span class='ocrx_word' id='word_1_352' title='bbox 2596 4151 2747 4196; x_wconf 85' lang='lat' dir='ltr'>unter</span> 
     </span>
     <span class='ocr_line' id='line_1_38' title="bbox 397 4227 2744 4297; baseline 0.002 -18"><span class='ocrx_word' id='word_1_353' title='bbox 397 4227 640 4279; x_wconf 84' lang='lat' dir='ltr'>einander</span> <span class='ocrx_word' id='word_1_354' title='bbox 673 4229 1006 4295; x_wconf 67' lang='lat' dir='ltr'>verstandigt,</span> <span class='ocrx_word' id='word_1_355' title='bbox 1042 4229 1123 4281; x_wconf 89' lang='lat' dir='ltr'>die</span> <span class='ocrx_word' id='word_1_356' title='bbox 1157 4247 1254 4281; x_wconf 86' lang='lat' dir='ltr'>uns</span> <span class='ocrx_word' id='word_1_357' title='bbox 1284 4231 1413 4297; x_wconf 84' lang='lat' dir='ltr'>jetzt</span> <span class='ocrx_word' id='word_1_358' title='bbox 1446 4229 1674 4282; x_wconf 82' lang='lat' dir='ltr'>verloren</span> <span class='ocrx_word' id='word_1_359' title='bbox 1709 4231 1883 4295; x_wconf 83' lang='lat' dir='ltr'>geht.“</span> <span class='ocrx_word' id='word_1_360' title='bbox 2019 4231 2061 4296; x_wconf 86' lang='lat'>⁴)</span> <span class='ocrx_word' id='word_1_361' title='bbox 2096 4232 2197 4282; x_wconf 89' lang='lat' dir='ltr'>Des</span> <span class='ocrx_word' id='word_1_362' title='bbox 2244 4232 2307 4283; x_wconf 89' lang='lat' dir='ltr'>P.</span> <span class='ocrx_word' id='word_1_363' title='bbox 2355 4230 2611 4283; x_wconf 74' lang='lat' dir='ltr'>Lotichius</span> <span class='ocrx_word' id='word_1_364' title='bbox 2652 4231 2744 4283; x_wconf 85' lang='lat' dir='ltr'>Se-</span> 
     </span>
     <span class='ocr_line' id='line_1_39' title="bbox 395 4313 2745 4380; baseline -0 -14"><span class='ocrx_word' id='word_1_365' title='bbox 395 4316 584 4366; x_wconf 72' lang='lat' dir='ltr'>cundus</span> <span class='ocrx_word' id='word_1_366' title='bbox 627 4313 889 4379; x_wconf 85' lang='lat' dir='ltr'>Elegieen.</span> <span class='ocrx_word' id='word_1_367' title='bbox 958 4319 1064 4365; x_wconf 82' lang='lat' dir='ltr'>Ans</span> <span class='ocrx_word' id='word_1_368' title='bbox 1111 4315 1224 4365; x_wconf 85' lang='lat' dir='ltr'>dem</span> <span class='ocrx_word' id='word_1_369' title='bbox 1269 4316 1470 4366; x_wconf 82' lang='lat' dir='ltr'>Latein.</span> <span class='ocrx_word' id='word_1_370' title='bbox 1522 4315 1779 4368; x_wconf 77' lang='lat' dir='ltr'>ubersetzt</span> <span class='ocrx_word' id='word_1_371' title='bbox 1829 4332 1926 4366; x_wconf 86' lang='lat' dir='ltr'>von</span> <span class='ocrx_word' id='word_1_372' title='bbox 1976 4316 2036 4367; x_wconf 88' lang='grc' dir='ltr'>Ε.</span> <span class='ocrx_word' id='word_1_373' title='bbox 2092 4316 2153 4370; x_wconf 77' lang='lat' dir='ltr'>G.</span> <span class='ocrx_word' id='word_1_374' title='bbox 2191 4317 2410 4369; x_wconf 75' lang='grc' dir='ltr'><em>Κόετῑίη.</em></span> <span class='ocrx_word' id='word_1_375' title='bbox 2493 4315 2745 4380; x_wconf 86' lang='lat' dir='ltr'>Herausg·</span> 
     </span>
     <span class='ocr_line' id='line_1_40' title="bbox 400 4398 1251 4453; baseline 0.001 -5"><span class='ocrx_word' id='word_1_376' title='bbox 400 4415 496 4448; x_wconf 83' lang='lat' dir='ltr'>von</span> <span class='ocrx_word' id='word_1_377' title='bbox 534 4399 620 4451; x_wconf 87' lang='lat' dir='ltr'>Fr.</span> <span class='ocrx_word' id='word_1_378' title='bbox 658 4398 844 4451; x_wconf 84' lang='lat' dir='ltr'>Blume.</span> <span class='ocrx_word' id='word_1_379' title='bbox 916 4398 1068 4449; x_wconf 82' lang='lat' dir='ltr'>Halle</span> <span class='ocrx_word' id='word_1_380' title='bbox 1111 4402 1251 4453; x_wconf 82' lang='lat'><strong>1826.</strong></span> 
     </span>
     <span class='ocr_line' id='line_1_41' title="bbox 2260 4486 2335 4537; baseline 0 -17"><span class='ocrx_word' id='word_1_381' title='bbox 2260 4488 2290 4537; x_wconf 87' lang='lat'>2</span> <span class='ocrx_word' id='word_1_382' title='bbox 2306 4486 2335 4520; x_wconf 79' lang='lat'><em>*</em></span> 
     </span>
    </p>
   </div>
  </div>
 </body>
</html>
