3499 5219
1627 399 2165 462 ——336—

739 584 908 651 pone
962 562 1446 628 meridionalem
1491 570 1755 630 'murum
1800 568 2036 651 Pnycis
2090 570 2182 634 ita
2236 580 2305 637 ut
2350 593 2545 655 supra
2587 574 2792 656 ipsum
2839 595 3087 638 murum

739 672 807 735 in
852 670 1052 734 altum
1099 672 1458 746 assurgeret
1503 664 1968 750 firmioremque
2011 671 2230 737 sedem
2275 694 2317 738 a
2352 695 2531 739 muro
2562 676 3086 756 nanscisceretur,

741 773 1010 837 alteram
1082 773 1293 833 autem
1361 767 1768 833 columellam
1832 790 2103 853 eamque
2168 775 2508 857 minorem,
2584 797 2773 858 quam
2837 776 3091 841 addidit

741 880 1068 954 tamquam
1113 870 1325 934 lineae
1368 869 1706 934 meridiani
1749 875 2179 939 necessariam
2224 884 2288 942 et
2331 886 2707 961 perpetuam
2738 879 3086 958 custodem,

743 974 832 1041 ad
874 972 1442 1057 septentrionalem
1487 993 1732 1036 murum
1777 974 1845 1038 in
1887 976 2031 1057 ipsa
2073 978 2310 1061 Pnycis
2353 999 2523 1043 area.
2603 980 2855 1044 Positus
2897 981 3091 1061 igitur

744 1080 815 1143 in
856 1074 1261 1142 meridionali
1302 1095 1483 1138 muro
1526 1094 1807 1155 gnomon
1850 1078 2140 1142 umbram
2183 1081 2251 1144 in
2296 1081 2829 1146 semicircularem
2856 1082 3094 1165 Pnycis

746 1179 1078 1265 planitiem
1137 1177 1242 1242 vel
1300 1196 1514 1241 aream
1572 1178 1878 1242 reiciebat
1931 1181 2052 1261 ita,
2112 1189 2179 1246 ut
2233 1183 2408 1247 cives
2464 1185 2568 1248 vel
2625 1183 3091 1265 longitudinem

745 1285 854 1348 vel
908 1281 1288 1346 brevitatem
1346 1278 1482 1343 eius
1540 1278 1730 1345 facile
1785 1290 2048 1363 possent
2102 1284 2313 1349 metiri
2363 1285 2711 1349 secundum
2756 1284 3094 1350 duodecim

749 1392 965 1470 partes
1010 1381 1170 1461 diei,
1225 1400 1487 1462 quarum
1536 1381 1777 1463 primus
1820 1383 1985 1448 inter
2030 1385 2310 1451 Graecos
2356 1387 2658 1452 disertam
2705 1388 3095 1451 mentionem

748 1488 897 1553 fecit
953 1483 1313 1549 Herodotus
1373 1483 1493 1563 (II,
1564 1486 1749 1559 109.).
1853 1486 2088 1551 Parate
2148 1488 2340 1569 igitur
2404 1496 2496 1569 et,
2573 1496 2641 1553 ut
2706 1489 2795 1552 ita
2861 1488 3090 1568 dicam,

747 1587 1026 1654 naturali
1070 1585 1138 1649 in
1180 1585 1400 1667 Pnyce
1443 1584 1822 1668 hemicyclio
1867 1608 2016 1652 usus
2061 1596 2157 1652 est
2193 1590 2362 1653 Meto
2407 1610 2598 1671 quum
2642 1590 3096 1673 heliotropium

749 1711 936 1757 suum
971 1687 1262 1751 instituit.
1336 1686 1732 1769 Hemicyclio
1778 1689 1951 1753 enim
1994 1691 2123 1753 iam
2166 1690 2320 1755 inde
2364 1711 2403 1754 a
2435 1689 2779 1755 Chaldaeis
2820 1691 2890 1754 in
2932 1692 3100 1755 sola-

749 1795 862 1858 riis
916 1810 1068 1855 usus
1123 1807 1266 1852 esse
1309 1788 1590 1852 Graecos
1645 1788 1911 1854 tradidit
1956 1791 2280 1856 Vitruvius
2325 1792 2515 1871 VIII,
2571 1796 2629 1855 9.
2718 1793 2788 1856 L.
2834 1792 3099 1856 Rossius

754 1896 861 1977 qui
905 1912 1020 1977 pro
1061 1892 1201 1955 solo
1244 1889 1478 1954 solario
1523 1890 1746 1954 habuit
1791 1892 2064 1958 Metonis
2107 1893 2555 1976 heliotropium
2601 1894 2743 1971 (das
2774 1893 3103 1957 Theseion

751 2019 818 2080 p.
849 1996 968 2061 XI.
1012 1990 1214 2076 praef.
1260 1997 1354 2057 et:
1401 1990 1507 2057 die
1550 1992 1738 2075 Pnyx
1784 1993 1917 2057 und
1961 1994 2079 2058 das
2120 1996 2515 2077 Pelasgikon
2555 1997 2623 2059 in
2659 1997 2874 2060 Athen
2916 2015 2978 2076 p.
3013 1997 3101 2070 4.)

755 2099 839 2164 de
881 2094 1196 2159 moenibus
1237 2094 1389 2177 ipsis
1417 2093 1813 2158 Athenarum
1860 2096 2164 2177 cogitavit
2208 2098 2436 2179 quibus
2474 2098 2774 2179 imposita
2802 2095 3105 2160 machina

757 2207 956 2280 esset,
1014 2196 1184 2278 quod
1237 2215 1497 2278 prorsus
1555 2204 1652 2260 est
1706 2196 2084 2262 incredibile
2139 2199 2241 2262 vel
2300 2199 2353 2263 si
2411 2218 2541 2262 non
2584 2198 2886 2281 scriptum
2930 2203 3103 2262 esset

754 2299 928 2382 πρὸς
972 2304 1065 2380 τῷ
1108 2304 1307 2376 τείχει
1363 2298 1468 2379 τῷ
1526 2293 1605 2360 ἐν
1660 2298 1753 2381 τῇ
1807 2301 2088 2362 Πυκνί.
2180 2298 2471 2364 Ceterum
2517 2301 2781 2364 Rossius
2823 2299 2892 2362 in
2935 2304 3103 2362 utro-

757 2425 882 2488 que
925 2401 1148 2467 libello
1191 2401 1328 2465 solo
1359 2399 1597 2465 Suidae
1627 2419 1781 2464 usus
1810 2407 1907 2465 est
1934 2401 2297 2464 testimonio
2337 2402 2626 2465 mutilato
2673 2400 2847 2484 apud
2891 2419 3101 2482 quem,

759 2505 1010 2571 omissis
1053 2502 1342 2585 proxime
1386 2500 1945 2583 antecedentibus,
2006 2502 2328 2567 invenitur
2372 2501 2529 2583 πρὸ
2576 2508 2694 2566 Πυ
2715 2498 3042 2581 θοδώρο
3066 2526 3099 2564 ι’

759 2602 1314 2694 ἡλιοτρόπιον
1370 2590 1458 2688 ἦν
1514 2600 1580 2667 ἒν
1635 2604 1713 2687 τῇ
1774 2605 1885 2667 νῦν
1944 2600 2105 2689 οὔσῃ
2167 2602 2469 2690 ἐκκλησίᾳ
2526 2603 2697 2686 πρὸς
2751 2606 2842 2689 τῷ
2901 2609 3103 2683 τείχει

757 2713 854 2793 τῷ
902 2707 969 2773 ἓν
1014 2708 1092 2789 τῇ
1141 2710 1380 2786 Πυκνί,
1441 2705 1614 2786 quod
1671 2713 1735 2771 et
1790 2706 2255 2789 ineptissimum
2315 2715 2411 2773 est
2468 2714 2532 2773 et
2579 2707 2647 2771 in
2692 2726 2968 2772 errorem
3011 2706 3109 2769 in-

761 2813 944 2878 duxit
974 2812 1024 2874 Ι.
1059 2810 1107 2873 Ι.
1141 2808 1535 2890 Scaligerum
1581 2827 1833 2889 quoque
1878 2807 1985 2882 (de
2029 2809 2477 2873 emendatione
2505 2817 2859 2891 temporum
2905 2830 2967 2891 p.
3002 2813 3105 2872 55.

764 2915 865 2981 ed.
913 2914 1010 2990 1.).
1097 2911 1275 2975 Haec
1319 2910 1636 2991 quomodo
1680 2929 1833 2975 vere
1876 2910 2300 2992 intelligenda
2343 2912 2469 2975 sint
2528 2909 2826 2974 docemur
2880 2931 2921 2974 a
2973 2910 3108 2992 ple·

764 3017 945 3082 niore
990 3013 1333 3078 scholiasta
1377 3012 1854 3094 Aristophanis,
1918 3012 2100 3076 initio
2146 3013 2331 3077 huius
2375 3012 2929 3077 commentationis
2971 3012 3109 3075 lau-

766 3118 937 3183 dato.
1024 3113 1386 3179 Herodotus
1441 3120 1654 3178 autem
1711 3134 1905 3195 quum
1959 3113 2185 3178 eodem
2229 3116 2369 3178 loco
2412 3115 2901 3179 instrumentum
2942 3112 3109 3176 illud

761 3240 890 3301 quo
934 3236 1233 3282 mensura
1276 3215 1539 3280 umbrae
1583 3215 1737 3280 solis
1781 3216 1910 3280 iam
1954 3222 2105 3280 ante
2134 3217 2407 3281 Metonis
2448 3217 2804 3281 institutum
2839 3236 2881 3279 a
2912 3215 3105 3279 Grae-

767 3322 859 3386 cis
902 3318 1297 3403 captabatur,
1345 3313 1555 3378 πόλον
1601 3315 1774 3381 dicat
1819 3336 1959 3382 esse
2003 3318 2108 3382 vel
2154 3316 2506 3398 γνώμονα,.
2551 3320 2750 3383 altero
2795 3316 3107 3380 vocabulo

743 3424 860 3510 ‚ita
903 3441 1053 3486 usus
1099 3426 1197 3484 est
1240 3424 1307 3482 ut
1362 3438 1402 3482 a
1455 3417 1672 3484 radice
1728 3416 1963 3482 πολεῖν
2018 3419 2200 3484 verbi
2255 3418 2425 3502 quod
2483 3426 2581 3485 est
2633 3416 2902 3498 τρέπειν
2948 3423 3109 3496 (ver-

765 3527 925 3601 tere)
972 3519 1390 3587 derivandum
1438 3540 1578 3585 esse
1622 3519 1935 3601 videatur,
1989 3539 2113 3602 quo
2156 3520 2520 3586 indicentur
2562 3521 2826 3586 umbrae
2869 3519 3111 3584 vicissi-

770 3625 1024 3691 tudines
1082 3622 1430 3688 secundum
1487 3621 1732 3685 variam
1791 3622 1946 3687 solis
2002 3623 2250 3704 sedem,
2325 3624 2529 3688 altero
2585 3629 2796 3686 autem
2854 3622 2974 3702 ita,
3041 3627 3111 3684 ut

772 3727 1081 3809 originem
1139 3725 1330 3789 ducat
1385 3744 1425 3786 a
1481 3722 1807 3788 noscendo
1862 3724 2126 3788 umbrae
2185 3744 2567 3790 mensuram.
2657 3723 2879 3789 Simile
2935 3723 3113 3787 insti-

769 3835 973 3892 tutum
1017 3834 1154 3892 erat
1195 3825 1371 3909 apud
1399 3824 1948 3890 Lacedaemonios
1982 3826 2066 3891 ab
2097 3827 2603 3907 Anaximandro,
2649 3832 2717 3889 ut
2759 3824 2929 3888 fama
2975 3829 3112 3887 erat

772 3930 985 4011 (Diog.
1031 3930 1103 3992 L.
1151 3929 1235 4009 II,
1288 3934 1341 3992 1.
1387 3929 1505 4008 3¹),
1552 3927 1926 3992 confectum.
2465 3909 2479 3922 ⁹

909 4183 945 4242 ¹)
979 4181 1147 4231 Verba
1183 4180 1426 4244 Diogenis
1461 4186 1581 4230 sunt
1614 4182 1766 4231 haec:
1821 4168 1942 4250 εὗρε
1991 4178 2048 4231 δὲ
2093 4177 2184 4231 καὶ
2217 4175 2481 4248 γνώμονα
2516 4182 2729 4246 πρῶτος
2763 4175 2853 4229 καὶ
2886 4173 3115 4238 ἔστησεν

769 4262 859 4317 ἐπὶ
909 4268 1019 4316 τῶν
1068 4260 1381 4333 σκιοθήρων
1430 4261 1488 4315 ἐν
1533 4264 1933 4333 Λακεδαίμονι,
1985 4262 2134 4315 καθά
2187 4279 2326 4333 φησι
2377 4267 2706 4331 Φαβωρῖνος.
2777 4264 2922 4313 Unde
2970 4266 3113 4328 patet

772 4348 844 4401 τὰ
892 4350 1191 4418 σκιόθηρα,
1255 4356 1313 4400 ut
1360 4350 1413 4400 in
1464 4351 1745 4401 minoribus
1795 4351 2026 4414 solariis,
2089 4366 2300 4415 quorum
2345 4365 2502 4399 unum
2548 4349 2835 4399 etiamnunc
2885 4350 3114 4412 superest
