3499 5219
1250 1577 1885 1654 ORATIO

899 1790 974 1838 IN
1029 1789 1275 1840 SACRIS
1327 1788 1868 1840 PARENTALIBVS
1922 1790 2227 1853 QVARTIS

723 1950 912 2015 DIVI
957 1948 1375 2017 IOHANNIS
1419 1950 1863 2016 FRIDERIOI
1906 1951 2411 2063 MAG-&ANIMI

506 2139 920 2187 CONDITORIS
963 2139 1469 2188 VNIVERSITATIS
1511 2138 1942 2186 LITTERARVM
1982 2139 2284 2187 IENENSIS
2325 2142 2399 2188 IN
2440 2140 2622 2186 AVLA

776 2240 1283 2290 VNIVERsI‘rATIs
1324 2241 1443 2288 DIE
1486 2246 1511 2286 3
1555 2241 1793 2288 ΜΑΒΤΠ
1834 2242 1898 2289 A.
1948 2245 2045 2285 1853
2088 2242 2360 2290 HABITA.
2402 2307 2406 2310 ᾖ

562 2426 773 2491 Hodie
826 2446 1017 2492 mane
1072 2433 1225 2492 ante
1280 2427 1399 2493 hos
1453 2428 1628 2510 ipsos
1681 2435 1998 2495 trecentos
2053 2447 2258 2493 annos
2313 2427 2396 2494 de
2438 2427 2560 2492 hac
2603 2427 2738 2492 vita

392 2528 672 2594 decessit
739 2528 837 2592 vir
898 2529 1274 2594 immortalis
1331 2527 1775 2596 IOHANNES
1829 2528 2349 2596 FRIDERICVS
2404 2528 2738 2594 MAGNA-

393 2630 684 2696 NIMVS.
774 2629 967 2697 Cuius
1022 2631 1153 2698 diei
1204 2632 1574 2697 memoriam
1589 2680 1605 2713 ,
1679 2633 1803 2697 atri
1865 2640 1999 2698 tum
2063 2633 2357 2698 omnibus
2420 2633 2528 2713 qui
2589 2631 2738 2696 fidei

393 2733 812 2815 evangelicae
853 2733 1094 2799 addicti
1136 2740 1349 2815 erant,
1392 2734 1629 2799 funesti
1670 2737 1866 2800 etiam
1909 2736 2057 2800 huic
2098 2734 2471 2800 academiae
2486 2782 2502 2815 ,
2547 2754 2738 2816 quam

392 2835 535 2918 ipse
603 2834 1007 2916 condiderat,
1082 2856 1201 2918 par
1271 2842 1369 2900 est
1431 2837 1625 2901 etiam
1691 2837 1886 2902 hodie
1949 2837 2177 2902 eadem
2242 2837 2482 2920 pietate
2547 2841 2739 2917 atque

389 2936 694 3002 sollemni
748 2936 1189 3002 recordatione
1244 2938 1556 3019 recolere,
1616 2958 1742 3020 qua
1784 2939 1966 3003 trinis
2007 2939 2138 3003 iam
2180 2938 2426 3003 vicibus
2439 2985 2456 3018 ,
2513 2937 2582 3001 in
2637 2936 2739 3001 his

393 3039 553 3122 ipsis
617 3038 886 3103 aedibus
948 3039 1184 3103 factum
1251 3046 1348 3104 est
1402 3040 1486 3105 ab
1541 3041 1664 3105 hac
1715 3039 2129 3105 universitate
2182 3039 2555 3103 litterarum.
2654 3038 2741 3101 At

395 3160 549 3204 vero
610 3160 741 3204 non
801 3139 1132 3204 funebrem
1188 3141 1540 3206 orationem
1604 3141 2087 3224 exspectabitis,
2154 3140 2494 3205 Auditores
2557 3158 2740 3204 orna-

389 3242 623 3307 tissimi
639 3289 655 3322 ,
715 3242 921 3323 qualis
978 3241 1129 3305 olim
1174 3241 1446 3308 Athenis
1499 3243 1790 3308 instituta
1840 3249 1965 3323 est,
2024 3241 2327 3309 habenda
2369 3248 2502 3306 tum
2546 3260 2738 3322 quum

390 3343 596 3408 cruda
637 3342 846 3408 adhuc
888 3343 1158 3408 vulnera
1201 3351 1446 3425 essent,
1504 3345 1770 3426 rogique
1812 3344 2111 3410 arderent
2154 3364 2370 3409 eorum
2386 3392 2402 3425 ,
2463 3344 2571 3425 qui
2623 3362 2738 3426 pro

392 3445 607 3528 patria
650 3445 1096 3510 occubuerant.
1177 3446 1307 3510 Diu
1350 3447 1520 3511 enim
1566 3446 1842 3512 obducta
1886 3452 1983 3513 est
2023 3447 2252 3528 ingens
2292 3446 2411 3510 illa
2454 3445 2736 3527 cicatrix,

392 3567 440 3612 a
494 3546 680 3612 bonis
737 3547 1030 3612 omnibus
1087 3554 1385 3631 suscepta
1427 3555 1628 3613 morte
1670 3548 2066 3613 acerbissimi
2109 3546 2528 3613 IOHANNIS
2571 3547 2740 3611 FRI-

397 3648 715 3714 DERICI.
794 3649 999 3730 Nunc,
1046 3656 1192 3732 post
1219 3650 1341 3713 tria
1370 3650 1645 3729 saecula,
1691 3650 2129 3731 tranquilliore
2173 3650 2388 3714 animo
2433 3668 2512 3713 ea
2556 3648 2742 3715 decet

396 3769 855 3832 recognoscere
870 3798 886 3831 ,
954 3770 1117 3833 quae
1181 3751 1527 3816 Germania
1588 3751 1825 3816 debeat
1885 3757 2131 3816 mortuo
2195 3750 2501 3834 principi,
2574 3770 2739 3833 quae
2869 3823 2878 3835 ,

396 3859 617 3918 nostra
659 3852 969 3934 imprimis
1013 3852 1364 3917 academia.

568 3954 771 4019 Huius
815 3961 1027 4019 autem
1071 3955 1191 4020 viri
1234 3956 1494 4037 egregia
1534 3954 1806 4036 indoles,
1852 3955 1935 4020 ab
1978 3956 2122 4038 ipsa
2157 3961 2385 4020 natura
2411 3961 2737 4037 generata,

395 4067 592 4138 quam
623 4056 898 4139 optimus
926 4075 1179 4138 parens,
1225 4056 1548 4121 Iohannes
1577 4056 1751 4122 Saxo
1780 4092 1867 4101 —
1892 4063 2160 4122 matrem
2196 4056 2385 4138 enim,
2431 4057 2739 4140 Sophiam

399 4158 1061 4239 Mecklenburgicam,
1135 4178 1306 4223 mors
1378 4159 1439 4224 ei
1512 4158 1742 4241 eripuit
1809 4158 1920 4223 vix
1983 4160 2201 4241 genito
2265 4193 2351 4205 —-
2411 4158 2738 4241 praeclare

395 4260 650 4326 aluerat
701 4259 788 4324 ad
831 4278 1136 4342 suamque
1178 4259 1702 4326 consuetudinem
1747 4267 1812 4326 et
1852 4280 2095 4326 morem
2141 4260 2525 4340 deduxerat,
2583 4279 2740 4342 prae

395 4361 627 4427 ceteris
669 4368 887 4427 tamen
932 4361 1224 4427 omnibus
1268 4369 1457 4427 aucta
1500 4369 1598 4428 est
1640 4368 1705 4429 et
1745 4362 2045 4429 roborata
2087 4382 2183 4445 eo,
2234 4361 2406 4444 quod
2446 4367 2741 4443 quattuor
