3499 5219
1685 451 1806 457 ---
1899 413 2019 479 124
2104 443 2239 450 -—

778 589 997 666 inepte
1039 584 1349 666 explicari
1391 583 1676 665 potuisse
1704 603 1746 650 a
1773 583 2163 668 mythologis
2192 580 2596 665 quibusdam,
2643 579 2751 663 qui
2780 580 3128 664 Neoplato-

779 685 985 751 nismo
1015 685 1219 767 magis
1248 691 1397 751 sunt
1423 685 1655 750 initiati
1682 705 1875 768 quam
1902 685 2182 768 antiquis
2208 684 2438 751 litteris
2460 685 2865 750 Graecorum.
2912 684 3121 751 Etiam

779 787 1087 871 mysteria
1126 787 1272 869 illa,
1332 787 1386 852 si
1430 807 1558 869 qua
1597 806 1752 853 vere
1795 794 1944 853 sunt
1987 787 2265 871 Graeca,
2325 787 2554 870 quibus
2603 805 2645 852 a
2685 785 3120 869 Polytheismo

780 889 866 955 ad
908 890 1390 955 Pantheismum
1432 887 1783 955 ascendere
1825 888 2066 955 studuit
2109 888 2476 971 antiquitas,
2520 889 2604 954 ab
2650 887 2822 953 omni
2867 886 3121 971 dogma·

779 991 908 1057 tica
950 991 1292 1075 disciplina
1332 990 1424 1057 ita
1464 1010 1725 1074 prorsus
1768 990 2032 1059 abfuere
2046 1039 2062 1072 ,
2121 990 2282 1056 nihil
2337 998 2408 1057 ut
2448 990 2517 1055 in
2559 990 2639 1056 iis
2683 990 3120 1073 experirentur

781 1099 1055 1177 epoptae
1071 1141 1088 1174 ,
1148 1093 1274 1158 nisi
1316 1094 1685 1176 spectacula
1727 1092 2076 1176 quaedam,
2135 1112 2302 1176 quae
2345 1091 2428 1158 de
2471 1091 2839 1158 conditione
2881 1092 3119 1157 anima-

777 1216 918 1261 rum
960 1201 1108 1279 post
1147 1201 1412 1260 mortem
1455 1194 1740 1276 aliquam
1783 1195 1851 1259 in
1895 1195 2332 1278 spectantibus
2387 1194 2682 1259 notitiam
2737 1195 3117 1260 excitarent:

777 1295 848 1362 id
891 1295 1061 1379 quod
1104 1297 1341 1379 optime
1383 1316 1424 1361 a
1466 1297 1795 1362 Lobeckio
1840 1296 2339 1364 demonstratum
2383 1303 2500 1362 est.
2548 1330 2637 1343 -
2691 1295 2897 1361 Venio
2954 1315 3118 1361 nunc

778 1397 867 1465 ad.
903 1399 1265 1483 practicam,
1314 1418 1505 1480 quam
1550 1397 1704 1480 dixi,
1749 1400 2152 1480 antiquorum
2196 1397 2577 1482 populorum
2619 1397 2838 1480 vitam,
2882 1399 2952 1462 in
2997 1418 3118 1481 qua

778 1507 1027 1567 tantum
1082 1501 1477 1566 antecellunt
1529 1501 1805 1566 Romani
1860 1500 2156 1582 Graecis,
2211 1506 2518 1582 quantum
2574 1499 2643 1564 hi
2698 1499 2958 1582 quidem
3000 1501 3116 1565 Ro-

778 1622 1005 1669 manos
1048 1594 1355 1686 superant
1395 1603 1639 1668 artibus
1654 1650 1671 1684 ,
1730 1603 1961 1668 litteris
2002 1610 2067 1668 et
2108 1601 2437 1685 religione.
2526 1602 2696 1667 Nam
2740 1603 2878 1668 sive
2921 1603 3117 1667 incor-

775 1713 996 1788 ruptas
1037 1723 1341 1771 romanae
1381 1704 1775 1787 reipublicae
1816 1723 2056 1785 mores,
2101 1724 2143 1769 a
2184 1704 2554 1770 censoribus
2597 1710 2854 1771 strenue
2896 1712 3115 1785 rectos,

778 1806 1330 1889 contemplamini,
1388 1807 1527 1871 sive
1567 1805 1953 1870 familiarum
1996 1806 2314 1872 internam
2358 1805 2818 1888 conditionem,
2877 1806 2946 1871 in
2990 1806 3118 1888 qui-

777 1908 897 1973 bus
939 1907 1151 1990 patria
1191 1914 1475 1990 potestas
1518 1927 1661 1972 eam
1705 1907 1790 1972 ab
1835 1927 2095 1973 causam
2139 1906 2469 1972 dominata
2512 1927 2655 1973 esse
2695 1905 2982 1989 videtur,
3032 1914 3115 1988 ut,

778 2009 1007 2092 quibus
1050 2016 1196 2092 post
1235 2009 1582 2074 vivendum
1634 2016 1805 2074 esset
1846 2010 1914 2074 in
1958 2010 2164 2074 libera
2204 2009 2568 2092 republica,
2627 2016 2820 2075 antea
2861 2016 3118 2075 strenuo

779 2111 1085 2193 obsequio
1113 2111 1440 2193 praestito,
1488 2129 1558 2175 se
1602 2109 1833 2192 dignos
1878 2130 2020 2177 esse
2062 2111 2361 2176 libertate
2406 2109 2940 2193 demonstrarent,
2987 2113 3121 2177 sive

777 2213 969 2295 igitur
1025 2231 1234 2277 mores
1289 2213 1427 2277 sive
1480 2211 1866 2276 familiarum
1920 2212 2351 2279 conditionem
2395 2212 2838 2296 spectaveritis
2854 2260 2871 2294 ,
2929 2212 3121 2295 longe

777 2334 820 2380 a
863 2313 1249 2380 Graecorum
1291 2314 1559 2380 levitate
1603 2313 1799 2380 distat
1840 2315 2272 2379 Romanorum
2314 2314 2535 2379 nobile
2575 2313 2926 2396 ingenium.
2993 2313 3119 2379 Sed

777 2417 833 2481 si
890 2416 995 2481 vel
1051 2416 1330 2480 maxime
1383 2422 1648 2497 utroque
1703 2417 1845 2482 loco
1889 2417 2160 2482 Romani
2205 2422 2535 2500 praestant
2579 2416 2870 2498 GraeciS,
2929 2416 3122 2498 longe

777 2518 983 2600 magis
1027 2518 1145 2583 hos
1180 2523 1484 2599 superant
1510 2518 1814 2600 politicae
1842 2519 2016 2584 vitae
2043 2519 2377 2600 gravitate,
2422 2525 2732 2601 perpetua
2761 2518 3122 2583 constantia

776 2619 1093 2684 roborata.
1193 2619 1363 2684 Nam
1420 2619 1698 2686 Graecos
1755 2627 1866 2686 aut
1934 2621 2316 2705 polyporum
2387 2622 2590 2685 instar
2659 2619 3122 2686 adhaerescere

777 2721 1002 2788 videas
1046 2721 1106 2786 ei
1148 2720 1539 2804 reipublicae
1580 2721 1853 2804 formae,
1911 2721 1997 2787 ad
2053 2743 2244 2805 quam
2301 2729 2449 2787 sunt
2503 2722 2686 2804 quasi
2739 2729 3122 2806 tempestate

780 2822 1010 2904 delati,
1067 2829 1137 2887 ut
1176 2823 1523 2889 Dorienses
1538 2871 1556 2906 ,
1599 2830 1711 2889 aut
1752 2825 2087 2907 repentino
2132 2823 2442 2907 quodam,
2499 2825 2681 2906 quasi
2724 2833 2948 2907 vento,
3007 2827 3121 2889 im·
3247 2855 3261 2866 ’

776 2932 930 3008 petu
970 2924 1170 2989 animi
1211 2924 1508 2990 incitatos
1550 2933 1780 2991 cuncta
1819 2946 2028 2992 rerum
2070 2926 2468 3010 publicarum
2510 2946 2750 3009 genera
2792 2946 3120 3008 pererrare

778 3025 953 3092 dicas
968 3073 985 3107 ,
1043 3045 1236 3107 quum
1293 3028 1530 3092 sensim
1586 3028 1799 3110 potius
1843 3027 2089 3094 diluere
2130 3028 2410 3109 aliquem
2455 3033 2686 3093 statum
2727 3029 3120 3112 reipublicae

777 3147 968 3209 quam
996 3135 1261 3211 repente
1289 3128 1660 3212 praecidere
1692 3128 2090 3196 debuissent:
2123 3128 2294 3212 quod
2321 3129 2607 3195 fecerunt
2634 3130 2844 3196 Iones.
2896 3131 3121 3213 Longe

776 3231 906 3295 alio
947 3231 1016 3294 in
1058 3249 1295 3312 genere
1335 3231 1547 3296 laudis
1591 3231 1893 3314 politicae
1937 3231 2239 3297 excelluit
2279 3231 2546 3313 antiqua
2588 3232 2825 3314 Roma,
2886 3239 2952 3298 et
3001 3232 3119 3298 for-

777 3331 945 3397 sitan
1009 3332 1305 3397 mirabile
1359 3332 1583 3408 auditu
1639 3352 1782 3398 esse
1840 3332 2136 3399 videatur
2194 3331 2366 3414 quod
2423 3331 2704 3399 dicturus
2759 3353 2930 3417 sum,
3003 3333 3118 3400 sed

776 3439 947 3498 certe
1000 3432 1069 3497 id
1125 3433 1336 3498 dicam
1389 3432 1559 3515 quod
1615 3435 1853 3500 sentio:
1909 3434 2206 3501 videntur
2262 3434 2433 3501 enim
2493 3435 2666 3500 cives
2708 3437 2957 3500 romani
2999 3437 3118 3503 soli

777 3535 1058 3599 omnium
1113 3534 1491 3617 populorum
1547 3535 1616 3600 id
1671 3536 1948 3601 assecuti
2002 3554 2175 3615 esse,
2249 3542 2319 3601 ut
2374 3536 2735 3602 libertatem
2789 3558 3117 3621 nunquam

777 3633 1167 3702 dimitterent
1209 3655 1290 3701 ex
1331 3635 1628 3701 manibus
1673 3644 1765 3717 et,
1814 3638 1965 3703 licet
2006 3638 2283 3720 repressi
2325 3637 2674 3719 aliquando
2716 3637 2803 3702 ad
2845 3645 3114 3723 tempuS,

775 3736 918 3820 pari
973 3743 1191 3802 tamen
1248 3743 1439 3818 atque
1489 3739 1867 3820 gravissimo
1919 3737 2125 3820 gradu
2179 3738 2267 3804 ad
2323 3740 2628 3822 optimam
2687 3739 3115 3807 conditionem

775 3836 1042 3903 vivendi
1097 3838 1466 3920 tenderent,
1527 3859 1647 3905 nec
1706 3839 2058 3905 dominatui
2114 3841 2424 3906 cervicem
2480 3840 2657 3925 prius
2713 3841 3113 3923 subiicerent,

777 3958 968 4021 quam
1033 3946 1245 4006 aetate
1303 3960 1511 4025 paene
1570 3941 1841 4007 confecti
1899 3947 1964 4006 et
2019 3941 2271 4009 amissis
2328 3950 2439 4007 aut
2493 3942 2753 4026 proeliis
2810 3951 2921 4009 aut
2977 3965 3116 4027 pro-

776 4039 1225 4122 scriptionibus
1295 4043 1589 4109 omnibus
1661 4042 1756 4109 eis
1814 4043 1923 4125 qui
1979 4042 2231 4109 frenare
2291 4043 2682 4110 dominatum
2739 4047 3114 4128 potuissent.

774 4142 914 4207 Iam
974 4142 1028 4208 si
1088 4141 1259 4207 dicat
1313 4145 1628 4227 quispiam
1684 4144 1929 4209 artibus
1979 4144 2190 4210 minus
2245 4145 2545 4212 valuisse,
2577 4148 2935 4228 Romanos,
2992 4166 3114 4213 nae
3238 4201 3241 4208 .

774 4243 887 4309 ille
931 4261 1035 4309 ars
1078 4243 1232 4326 quid
1275 4245 1358 4310 sit
1400 4266 1530 4310 non
1580 4245 1736 4311 satis
1794 4246 2198 4329 perspexisse
2252 4245 2524 4313 videtur.
2625 4247 2888 4313 Summa
2945 4248 3114 4315 enim

777 4351 876 4411 est
916 4364 1021 4411 ars
1064 4351 1130 4413 et
1170 4347 1450 4428 graviter
1493 4352 1555 4412 et
1596 4345 1840 4413 fortiter
1883 4354 1947 4413 et
1988 4348 2254 4414 viriliter
2296 4347 2544 4431 vivere,
2603 4348 2775 4431 quod
2817 4351 2911 4416 sic
2952 4350 3114 4417 fece-
