3499 5219
1697 406 2265 468 ——126———

811 574 1129 658 posuisset
1189 579 1254 638 et
1308 571 1625 654 theologis
1681 579 1745 638 et
1800 572 2147 656 philologis
2189 573 2636 657 transalpinis,
2694 593 2820 655 quo
2876 573 3029 655 iugo
3063 593 3155 638 se

810 678 940 742 iam
981 694 1239 760 prorsus
1283 674 1561 740 eximere
1604 693 1687 739 ne
1730 673 1822 739 ita
1872 675 2252 740 inchoarunt
2307 675 2596 757 quidem,
2657 680 2727 739 ut
2777 674 3038 742 litterae
3091 682 3153 741 et

809 778 966 843 artis
1007 775 1421 841 humanitatis
1462 774 1639 858 apud
1682 795 1792 841 eos
1826 796 1957 841 non
1987 775 2327 842 videantur
2368 777 2451 841 ab
2494 775 2876 839 humanitate
2918 797 3150 843 nomen

809 878 1134 961 accepisse
1186 876 1303 943 sed
1360 877 1445 941 ab
1501 876 1683 939 Immo
1742 884 1807 943 et
1859 877 2037 942 humi
2090 878 2394 961 rependo.
2494 879 2619 943 Illo
2675 884 2919 959 autem,
2983 878 3150 960 quod

809 979 1166 1063 significavi
1192 986 1496 1062 tempore,
1542 998 1684 1043 cum
1713 979 2030 1062 theologis
2060 979 2441 1062 quibusdam
2469 980 2673 1061 Italis,
2707 978 3147 1046 Constantiam

807 1085 875 1149 in
921 1083 1268 1148 Germania
1308 1079 1625 1164 profectus
1668 1087 1768 1146 est
1806 1081 2085 1164 Poggius
2127 1081 2564 1149 Bracciolinus
2579 1131 2595 1158 ‚
2653 1082 2761 1165 qui
2802 1082 2942 1148 iure
2985 1083 3149 1147 inter

808 1186 1171 1269 philologos
1227 1182 1497 1248 habetur
1553 1182 1941 1248 clarissimus
1999 1190 2259 1266 propter
2312 1185 2611 1252 inventos
2662 1184 2836 1268 apud
2880 1184 3145 1266 Sangal-

805 1288 1021 1353 lenses
1062 1286 1131 1350 in
1172 1284 1473 1349 Helvetia
1514 1282 1999 1366 Quinctilianos,
2046 1285 2339 1352 Valerios
2381 1287 2668 1367 Flaccos,
2721 1286 3137 1352 Asconianos.

807 1389 873 1454 Is
928 1388 1120 1470 igitur
1177 1385 1592 1452 Constantiae
1649 1385 1856 1450 adfuit
1911 1384 2428 1453 condemnationi
2491 1387 2876 1454 sanctissimi
2929 1387 3146 1452 Hiero-

716 1489 720 1492 ’
806 1489 987 1574 nymi
1028 1487 1399 1570 PragensiS,
1460 1493 1523 1554 et
1566 1506 1756 1569 quem
1798 1485 1931 1552 fere
1975 1507 2196 1553 omnes
2252 1489 2535 1572 theologi
2590 1489 3141 1571 condemnassent,

807 1611 953 1657 eum
1010 1589 1362 1655 admiratus
1420 1596 1517 1655 est
1574 1609 1739 1655 unus
1799 1609 1881 1655 ex
1930 1589 2113 1656 Italis
2165 1590 2443 1673 Poggius
2500 1592 2869 1675 philologus
2884 1640 2900 1673 ,
2963 1598 3026 1656 et
3078 1591 3144 1654 in

807 1693 1036 1759 litteris
1080 1691 1166 1756 ad
1209 1690 1613 1756 Leonardum
1657 1690 2009 1757 Aretinum·
2037 1711 2114 1756 eo
2157 1692 2299 1774 ipso
2359 1692 2464 1758 die
2522 1694 2809 1777 scriptis,-
2866 1712 2992 1775 quo
3043 1691 3145 1756 die

807 1794 1172 1860 combustus
1212 1793 1641 1876 Hieronymus
1682 1799 1809 1874 est,
1867 1799 1999 1857 tam
2051 1795 2307 1875 egregie
2350 1795 2759 1860 adumbravit
2800 1795 3141 1878 imaginem

807 1895 1211 1978 Hieronymi,
1273 1901 1344 1959 ut
1399 1914 1616 1960 eorum
1670 1895 2042 1960 memoriam
2098 1915 2269 1961 nunc
2317 1896 2453 1962 iure
2497 1898 2735 1981 optimo
2779 1896 3145 1962 renovarint

806 1997 1121 2081 philologi
1163 1996 1562 2062 Turicenses.
1649 1995 1952 2077 „Stabat,
2014 1997 2105 2062 sic
2159 1997 2274 2064 ille
2326 1997 2409 2063 de
2449 1998 2876 2083 HieronymO,
2935 1999 3143 2065 stabat

805 2098 1197 2183 impavidus,
1241 2097 1628 2180 intrepidus,
1674 2104 1942 2163 mortem
1983 2119 2116 2164 non
2160 2107 2605 2182 contemnens,
2651 2100 2768 2166 sed
2809 2108 3141 2183 appetens,

807 2207 875 2266 ut
917 2203 1189 2266 alterum
1225 2198 1531 2265 Catonem
1578 2198 1869 2264 dixisses.
1943 2197 1997 2265 Ο
2041 2201 2244 2265 virum
2290 2201 2555 2284 dignum
2597 2202 2904 2268 memoria
2948 2201 3144 2266 homi-
3189 2196 3197 2210 “

805 2325 959 2370 num
1017 2301 1407 2385 sempiterna
1424 2300 1491 2365 Ψ
1593 2301 1699 2366 Sic
1756 2300 1947 2382 igitur
2005 2303 2186 2384 quasi
2243 2303 2563 2370 medullas
2620 2305 2845 2387 Poggii
2901 2303 3145 2369 aluerat

805 2405 1151 2488 antiquitas
1165 2451 1182 2485 ,
1246 2410 1344 2484 ut,
1390 2422 1756 2486 quanquam
1800 2422 2012 2469 comes
2055 2404 2242 2471 datus
2283 2406 2917 2489 superstitiosissimis
2959 2405 3143 2470 sacri-

806 2507 1037 2587 ficuliS,
1100 2505 1283 2588 quasi
1339 2505 1513 2569 solus
1568 2523 1949 2586 generosum
2004 2506 2380 2591 Hieronymi
2434 2508 2719 2573 animum
2772 2513 3145 2590 agnosceret

808 2611 1107 2692 solusque
1162 2605 1412 2673 videret
1467 2605 1537 2670 in
1592 2614 1944 2682 ceterorum
2002 2609 2302 2675 tenebris.

977 2710 1082 2776 Sic
1137 2709 1358 2792 igitur,
1426 2709 1481 2773 si
1537 2729 1668 2773 non
1729 2707 2230 2792 demonstrasse,
2289 2718 2459 2777 certe
2516 2711 2932 2777 adumbrasse
2989 2712 3143 2776 mihi

807 2813 1061 2895 videor,
1136 2809 1307 2894 quod
1377 2810 1460 2875 ab
1517 2810 1700 2875 initio
1751 2811 2078 2892 volebam,
2153 2813 2463 2880 contineri
2520 2814 2876 2897 philologia
2931 2814 3144 2879 incon-

806 2935 1055 2983 cussam
1097 2912 1385 2995 regulam
1428 2912 1708 2995 pulchri,
1770 2912 1925 2977 recti
1968 2919 2032 2978 et
2073 2916 2400 2997 generosi,
2460 2915 2711 2999 pulchri
2767 2915 2836 2978 in
2892 2922 3033 2981 arte
3083 2922 3144 2981 et

804 3017 1145 3100 religione,
1191 3016 1348 3079 recti
1389 3014 1457 3078 in
1498 3013 1727 3079 litteris
1771 3020 1962 3097 atque
2004 3016 2297 3099 inprimis
2339 3017 2407 3081 in
2449 3016 2896 3100 Philosophia,
2955 3037 3145 3100 gene·

803 3119 932 3184 rosi
973 3118 1041 3182 in
1083 3117 1217 3182 vita
1257 3116 1533 3199 publica.
1624 3115 1817 3181 Cuius
1876 3116 2203 3183 doctrinae
2259 3117 2539 3183 studium
2596 3117 2704 3201 qui
2761 3118 2995 3184 stolide
3051 3138 3143 3184 re-

803 3220 1076 3305 primere
1120 3218 1277 3283 velit
1319 3224 1622 3299 tanquam
1664 3218 2086 3283 inveteratam
2143 3219 2639 3285 inveteratamm
2694 3239 2903 3285 rerum
2963 3220 3147 3286 disci·
3242 3212 3249 3220 ’

803 3323 1048 3406 plinam
1062 3368 1078 3402 ,
1124 3318 1343 3384 videat
1384 3338 1468 3383 ne
1510 3319 1659 3402 plus
1703 3318 2070 3384 detrimenti
2110 3321 2205 3386 rei
2245 3322 2592 3388 litterariae
2633 3322 2891 3404 afferat,
2954 3344 3142 3405 quam

803 3424 945 3508 ipse
999 3421 1360 3503 intelligere
1402 3421 1638 3485 valeat.
1726 3421 1864 3487 Nos
1921 3421 2092 3486 enim
2151 3443 2281 3487 non
2338 3424 2703 3506 statuimus,
2762 3445 2895 3489 non
2954 3444 3145 3508 posse

804 3545 1084 3607 unquam
1153 3522 1441 3587 altiorem
1513 3522 1797 3588 culturae
1856 3522 2126 3606 gradum
2183 3524 2477 3607 ascendi,
2552 3545 2741 3609 quem
2811 3548 2944 3591 non
3015 3528 3142 3591 iam

806 3630 1213 3709 superassent
1255 3624 1519 3706 antiqui.
1596 3624 1861 3690 Minime
1903 3645 2076 3690 vero.
2164 3626 2295 3693 Sed
2338 3628 2460 3692 hoc
2503 3627 2965 3710 contendimus,
3010 3649 3140 3693 non

804 3745 993 3811 posse
1035 3725 1171 3790 fieri
1211 3746 1399 3791 veros
1441 3744 1834 3809 progressuS,
1876 3726 2003 3791 nisi
2047 3746 2126 3792 ea
2155 3728 2262 3793 via
2289 3737 2607 3812 pergatur,
2654 3749 2844 3811 quam
2873 3729 3140 3795 feliciter

803 3828 1077 3912 ingressi
1119 3834 1266 3892 sunt
1310 3827 1537 3893 Graeci
1582 3834 1646 3894 et
1686 3828 1961 3893 Romani
2016 3835 2081 3893 et
2137 3830 2192 3894 si
2252 3832 2359 3912 qui
2402 3832 2676 3915 populus
2721 3831 3019 3897 deflectat
3058 3832 3141 3897 ab

806 3952 882 3998 eo
925 3929 1177 3996 tramite
1217 3928 1407 3995 facile
1450 3930 1624 3995 cerni
1654 3950 1852 4014 posse
1879 3937 2184 4012 tanquam
2213 3931 2281 3996 in
2310 3933 2570 4016 speculo
2600 3933 2754 4016 quid
2782 3934 3137 4016 pulchrum,

805 4032 958 4116 quid
985 4037 1228 4096 rectum
1256 4037 1367 4095 aut
1395 4050 1578 4096 secus
1613 4030 1820 4113 fuerit,
1866 4032 1921 4097 si
1964 4032 2367 4114 antiquorum
2409 4035 2787 4118 populorum
2832 4042 3033 4101 artem
3078 4041 3143 4100 et

802 4134 1131 4217 ingenium
1173 4132 1242 4196 in
1285 4132 1825 4215 comparationem
1868 4134 2322 4200 vocaverimus.
2410 4134 2645 4202 Contra
2701 4136 2757 4201 si
2813 4142 2924 4201 aut
2972 4136 3137 4200 fran-

803 4242 988 4320 gatur
1030 4234 1152 4299 hoc
1194 4234 1553 4316 speculum,
1609 4240 1720 4298 aut
1764 4234 2160 4317 obscuretur,
2222 4239 2476 4305 eveniet
2515 4237 2585 4302 id
2629 4237 2800 4321 quod
2841 4238 2910 4303 in
2951 4237 3137 4302 bonis

804 4338 1045 4403 artibus
1093 4335 1519 4401 tristissimum
1577 4355 1719 4402 esse
1764 4335 2034 4401 videtur.
2121 4337 2251 4403 Aut
2308 4342 2476 4406 enim
2535 4341 2828 4407 omnibus
2886 4340 3138 4423 legibus
