3499 5219
1673 360 2198 422 ...72—

762 532 1023 613 tionem,
1067 530 1153 596 ab
1197 529 1576 613 evangelica
1616 528 1945 609 theologia
1988 533 2054 593 et
2093 525 2507 609 philosophia
2548 530 2982 608 provocatam,
3023 518 3110 587 ad

766 654 838 701 se
880 652 1136 718 prorsus
1177 653 1310 698 non
1354 631 1643 697 attinere.
1731 630 1879 696 Non
1920 629 2139 712 inepte
2181 627 2440 710 quidem
2482 627 2586 692 isti
2629 626 2963 709 putabant,
3011 628 3111 693 ius

765 755 1100 801 romanum
1141 734 1467 800 continere
1511 729 1980 814 quodammodo
2024 732 2298 813 logicam
2311 777 2330 810 ,
2405 730 2559 810 quin
2600 747 2856 793 omnem
2908 729 3112 811 philo-

768 838 1090 921 sophiam,
1163 843 1234 901 ut
1277 834 1531 901 dicebat
1572 834 1918 917 leianus,
1992 832 2215 916 populi
2256 832 2504 896 romani
2545 849 2661 914 per
2702 837 2797 896 tot
2851 832 3112 896 saecula

767 940 1087 1006 excultam
1102 987 1121 1022 ,
1194 957 1462 1020 quocum
1520 936 1657 1001 iure
1710 954 1975 1000 romano
2029 954 2161 999 non
2211 952 2400 1016 posse
2442 935 2796 1016 comparari
2838 934 3110 1016 logicam

767 1040 1115 1123 volgarem.
1204 1039 1333 1106 Sed
1375 1039 1573 1104 aliam
1613 1045 1949 1121 praeterea
1989 1055 2247 1101 causam
2289 1035 2479 1101 huius
2530 1036 2625 1101 rei
2678 1036 2838 1100 mihi
2890 1035 3114 1101 videor

767 1143 1058 1209 invenire
1098 1143 1168 1206 in
1212 1160 1288 1207 eo
1302 1189 1320 1223 ,
1395 1139 1567 1223 quod
1608 1139 1819 1205 ordini
1858 1138 2443 1203 iurisconsultorum
2485 1138 2854 1203 Ienensium
2896 1138 3110 1202 statim

767 1244 853 1310 ab
895 1245 1078 1309 initio
1122 1242 1374 1308 adiecta
1416 1249 1514 1308 est
1554 1241 1923 1307 scabinatus
1965 1240 2274 1305 institutio
2288 1285 2306 1321 ,
2381 1257 2509 1321 qua
2550 1237 2637 1304 ad
2693 1237 3111 1304 factitandam

768 1347 976 1429 magis
1017 1344 1578 1428 iurisprudentiam
1622 1344 1809 1427 quasi
1851 1343 2241 1424 cogebantur
2292 1342 2682 1424 professores
2695 1389 2712 1422 ,
2781 1360 2973 1422 quam
3026 1340 3111 1405 ad

770 1446 1190 1514 excolendam
1231 1447 1301 1511 in
1345 1447 1499 1511 iuris
1543 1445 1813 1511 scientia
1861 1451 2063 1508 artem
2117 1442 2636 1526 philosophandi.
2723 1444 2807 1507 Et
2861 1444 3111 1526 sapien-

768 1549 1015 1616 tissime
1058 1547 1316 1630 quidem
1356 1548 1481 1612 hoc
1522 1546 1776 1612 videtur
1818 1565 1860 1609 a
1887 1544 2279 1628 principibus
2306 1546 2538 1610 nostris
2565 1546 2921 1609 institutum
2951 1564 3109 1626 esse,

770 1649 944 1733 quod
981 1651 1170 1714 multi
1208 1649 1403 1716 hodie
1445 1655 1594 1714 sunt
1635 1648 1743 1730 qui
1788 1645 2062 1729 deprimi
2102 1647 2394 1730 cupiant3
2466 1652 2715 1711 constat
2757 1648 2930 1711 enim
2980 1666 3112 1711 sca·

768 1751 1060 1817 binatum
1101 1758 1387 1816 nostrum
1429 1769 1632 1832 usque
1673 1748 1763 1814 ad
1803 1748 2152 1813 novissima
2194 1755 2482 1831 tempora
2523 1750 2676 1814 satis
2725 1756 3111 1814 monstrasse

771 1874 961 1936 quam
1031 1853 1201 1918 bene
1271 1852 1693 1934 coniungatur
1762 1869 2033 1915 acumen
2104 1851 2173 1915 in
2243 1851 2462 1916 litibus
2535 1858 2599 1917 et
2668 1851 3109 1915 controversiis

768 1954 1127 2022 forensibus
1172 1975 1313 2019 cum
1368 1951 1905 2036 iurisprudentiae
1958 1954 2409 2036 praeceptione
2424 2000 2441 2034 ,
2516 1972 2681 2033 quae
2733 1954 2843 2016 via
2895 1953 3112 2016 nititur

769 2077 847 2122 ac
900 2057 1168 2121 ratione.
1256 2056 1461 2121 Huius
1513 2055 1706 2137 igitur
1760 2054 2128 2119 scabinatus
2180 2055 2420 2137 primus
2474 2052 2647 2137 apud
2693 2075 2812 2120 nos
2853 2074 3112 2137 praeses

769 2158 889 2222 fuit
939 2157 1166 2222 Petrus
1221 2158 1509 2223 Premius
1565 2156 1952 2238 Thur-ingus.
2040 2156 2170 2221 Sed
2227 2156 2563 2220 obscurata
2625 2162 2722 2220 est
2790 2156 2979 2221 huius
3050 2163 3112 2221 et

770 2259 1033 2324 Henrici
1076 2259 1553 2325 Schneidewini
1569 2306 1586 2340 ,
1661 2259 1770 2340 qui
1814 2278 1960 2324 eum
2001 2264 2253 2324 secutus
2296 2265 2419 2338 est,
2492 2259 2800 2322 memoria
2841 2258 2926 2322 ab
2981 2259 3110 2323 illis

770 2360 1232 2426 iurisconsultis
1274 2361 1561 2441 Batavis,
1611 2379 1652 2424 a
1696 2360 1925 2440 quibus
1965 2358 2317 2425 absolutior
2358 2358 2675 2441 quaedam
2717 2361 2872 2425 iuris
2914 2362 3110 2426 seien-

772 2463 865 2527 tia
913 2469 1163 2545 poterat
1214 2462 1589 2544 exspectari.
1676 2461 2038 2528 Matthaeus
2090 2482 2243 2528 vero
2286 2462 2743 2528 Wesenbecius
2755 2510 2773 2544 ,
2847 2462 3111 2529 Antver-

771 2564 1015 2647 piensis
1031 2612 1047 2645 ,
1123 2565 1232 2646 qui
1274 2583 1417 2629 cum
1457 2562 1652 2629 fratre
1692 2560 1881 2628 Petro
1925 2563 2049 2629 huc
2094 2563 2475 2645 advenerat,
2548 2563 2711 2629 nihil
2765 2564 2941 2648 apud
2994 2584 3112 2630 nos

774 2665 989 2729 docuit
1028 2672 1282 2748 praeter
1322 2667 1423 2730 ius
1464 2666 1653 2730 civile
1694 2687 2045 2748 romanum,
2090 2665 2160 2731 id
2200 2685 2352 2731 vero
2393 2673 2525 2731 tam
2555 2668 2828 2749 egregie,
2872 2674 2943 2732 ut
2978 2669 3112 2734 eius

773 2768 1260 2832 commentarius
1303 2768 1371 2831 in
1414 2766 1769 2849 pandectas
1812 2775 1946 2832 tum
1989 2770 2290 2852 temporis
2332 2768 2671 2834 haberetur
2712 2770 2781 2834 in
2836 2771 3109 2852 optimis.

774 2868 1068 2934 Ceterum
1138 2869 1237 2932 vir
1291 2867 1408 2932 fuit
1475 2868 1796 2934 insucatae
1867 2870 2122 2952 pietatis
2138 2918 2155 2951 ,
2232 2871 2680 2952 egregiamque
2749 2872 3112 2953 theologiae

773 2971 1033 3035 lenensi
1093 2988 1279 3052 opem
1333 2970 1649 3052 praestitit
1703 2991 1780 3036 eo
1796 3019 1813 3053 ,
1890 2971 2061 3054 quod
2117 2972 2492 3037 Flacianam
2555 2971 2897 3037 factionem
2970 2993 3112 3038 cum

774 3071 1101 3137 Victorino
1143 3070 1500 3154 dissipavit.
1574 3072 1801 3154 Neque
1842 3072 2030 3137 aliter
2070 3074 2139 3138 in
2178 3075 2319 3139 iure
2363 3073 2653 3139 docendo
2694 3074 2845 3139 fecit
2887 3076 3113 3140 Amol-

776 3172 895 3237 dus
926 3171 1007 3237 de
1037 3174 1308 3255 Reyger,
1353 3172 1505 3238 item
1533 3172 1834 3255 Batavus,
1882 3174 1990 3256 qui
2027 3175 2127 3240 ius
2167 3173 2427 3240 feudale
2466 3175 2758 3258 inprimis
2798 3178 3116 3258 tractavit,-

774 3293 983 3356 neque
1024 3273 1397 3338 Dominicus
1439 3272 1523 3338 ab
1566 3274 1766 3338 Arum
1779 3322 1795 3355 ,
1843 3295 1955 3341 seu
1998 3276 2353 3342 Arumaeus
2366 3325 2383 3358 ,
2429 3277 2921 3344 Leovardiensis
2935 3327 2952 3360 ,
3005 3279 3113 3361 qui

774 3375 860 3441 ab
903 3376 1085 3440 initio
1128 3377 1227 3440 ius
1271 3381 1518 3439 tantum
1559 3395 1892 3440 romanum
1933 3376 2215 3460 tradidit,
2259 3385 2485 3461 postea
2517 3399 2689 3461 vero,
2735 3400 2925 3461 quum
2956 3382 3114 3447 belli

776 3476 1111 3542 Teutonici
1164 3476 1404 3541 furores
1461 3477 1806 3560 Imperium
1861 3477 2309 3544 Germanicum
2360 3482 2781 3561 incesserent,
2856 3484 3112 3565 egregio

774 3580 964 3644 huius
1018 3597 1235 3643 amore
1289 3584 1512 3660 captus
1566 3577 1653 3642 ad
1706 3579 1807 3643 ius
1859 3578 2307 3646 Germanicum
2363 3602 2434 3649 se
2485 3583 2795 3666 applicuit
2850 3584 2967 3665 ita,
3044 3592 3115 3650 ut

776 3680 952 3763 apud
992 3699 1112 3745 nos
1154 3680 1253 3745 ius
1297 3679 1622 3762 publicum
1664 3680 1927 3763 Imperii
1967 3683 2238 3746 Romani
2280 3682 2643 3749 Germanici
2697 3683 3112 3768 profiteretur,

778 3780 948 3865 quod
1006 3788 1159 3847 ante
1214 3800 1360 3845 eum
1414 3799 1603 3846 nemo
1656 3781 1896 3848 fecerat
1951 3783 2018 3846 in
2074 3783 2435 3849 Germania.
2520 3786 2709 3851 Solus
2774 3787 2966 3854 etiam
3032 3808 3116 3854 ex

776 3884 1061 3965 Batavis,
1104 3902 1256 3948 vero
1298 3902 1516 3948 amore
1544 3882 1733 3948 huius
1762 3885 2169 3949 unversitatis
2199 3894 2566 3968 commotus,
2610 3886 2854 3951 firmam
2892 3887 3114 3954 sedem

775 3985 953 4069 apud
992 4004 1113 4049 nos
1153 3986 1395 4067 posuit,
1447 3983 2027 4067 bibliothecamque
2067 3985 2232 4051 adeo
2277 4007 2457 4052 suam
2499 3989 2899 4054 universitati
2939 3990 3114 4072 lega-

777 4088 903 4171 vit3
948 4106 1100 4151 nam
1144 4092 1208 4151 et
1248 4085 1652 4152 Wesenbecii
1695 4094 1759 4151 et
1800 4088 2128 4170 Reygerus
2170 4095 2316 4170 post
2356 4090 2601 4171 aliquot
2639 4110 2845 4156 annos
2887 4092 3114 4156 lenam

777 4190 1197 4271 reliquerunt,
1270 4186 1375 4252 hic
1429 4186 1664 4252 Halam
1676 4235 1693 4269 ,
1769 4187 1868 4251 illi
1919 4187 2328 4271 Vitebergam
2400 4197 2464 4257 et
2525 4192 2810 4274 Lipsiam
2881 4193 3112 4257 vocati.

775 4291 1115 4356 Praeterea
1168 4309 1299 4353 non
1350 4288 1884 4372 praetereundum
1948 4289 2201 4355 silentio
2263 4298 2390 4375 est,
2463 4293 2847 4359 Arumaeum
2916 4295 3115 4362 fuisse
