3499 5219
672 524 718 619 ί
754 546 1001 629 ωας.
1035 594 1098 610 .-
1237 549 1384 621 ω,

878 1571 1495 1639 EXPLICANTUR
1561 1568 2220 1636 INSCRIPTIONES
2285 1567 2730 1634 ACRENSES
2794 1570 2892 1632 III
2952 1570 3045 1634 IN

967 1691 1280 1757 SICILIA
1352 1690 1807 1755 REPERTAE
1877 1690 1996 1753 AD
2063 1688 2360 1754 LEGEM
2424 1686 2967 1753 HIERONICAM

1646 1806 2273 1874 PERTINENTES.

965 2013 1387 2096 Septuaginta
1443 2012 1631 2076 annis
1685 2017 1832 2095 post
1889 2011 2241 2095 Syracusas
2297 2030 2339 2073 a
2395 2008 2738 2075 Corinthiis
2793 2010 2860 2073 in
2918 2010 3133 2076 Sicilia

791 2114 1087 2181 conditas
1128 2115 1196 2177 in
1240 2119 1488 2178 montes
1545 2113 1789 2177 vicinos
1831 2114 2101 2198 primam
2144 2111 2461 2177 coloniam
2506 2110 2910 2178 deduxerunt
2952 2113 3136 2196 Syra-

797 2217 1035 2297 cusani,
1083 2215 1283 2280 Acras
1328 2214 1583 2279 dictam.
1671 2215 1859 2293 Quod
1901 2214 2137 2279 factum
2195 2220 2291 2279 est
2335 2212 2740 2297 Olympiadis
2794 2215 3134 2279 vicesimae

798 2338 1007 2384 nonae
1061 2315 1338 2383 secundo
1397 2337 1567 2380 anno
1582 2365 1599 2399 ,
1658 2337 1851 2398 quum
1892 2316 2161 2382 Archias
2222 2315 2496 2398 Evageti
2550 2312 2717 2380 filius
2778 2315 3135 2381 Corinthius

799 2418 1203 2504 Olympiadis
1246 2419 1623 2483 undecimae
1678 2439 1850 2483 anno
1908 2425 2129 2502 quarto
2187 2419 2254 2482 in
2296 2417 2573 2481 insulam
2617 2416 2977 2502 Ortygiam,
3038 2438 3136 2483 oc-

799 2528 1097 2603 cupatam
1158 2540 1198 2597 a
1256 2519 1485 2585 Siculis
1541 2521 1862 2603 barbaris,
1924 2519 2283 2584 Corinthios
2339 2519 2711 2584 traiecisset.
2801 2520 2907 2585 Sic
2970 2521 3137 2585 enim

798 2625 996 2708 plane
1040 2623 1451 2706 Thucydides
1496 2623 1604 2704 VI,
1655 2629 1724 2687 5:
1771 2619 2014 2703 ’Ἀκραι
2071 2621 2142 2687 δὲ
2197 2623 2301 2685 καὶ
2352 2619 2695 2703 Κασμέναι
2748 2617 2883 2685 ὑπὸ
2927 2626 3134 2704 Συρα-

800 2717 1081 2790 κουσίων
1128 2720 1531 2808 ᾠκίσθησαν,
1569 2720 1807 2807 ’Ἀκραι
1848 2724 1966 2804 μὲν
2013 2721 2461 2810 ἑβδομήκοντα
2508 2721 2680 2788 ἔτεσι
2722 2722 2889 2804 μετὰ
2927 2730 3138 2808 Συρα-

802 2823 1059 2902 κούσας,
1110 2830 1454 2906 Κασμέναι
1498 2826 1567 2891 οὲ
1612 2824 1796 2909 ἐγγὺς
1842 2825 2052 2891 εἴκοσι
2093 2824 2258 2905 μετὰ
2291 2820 2569 2907 ’Ἀκρας,
2612 2826 2775 2891 nihil
2819 2834 2887 2891 ut
2930 2827 3136 2910 possis

804 2929 1095 3012 dubitare
1141 2928 1223 2993 de
1266 2928 1617 3011 originibus
1661 2928 1903 3012 oppidi.
1992 2930 2241 2994 Tamen
2281 2928 2402 2992 hoc
2444 2928 2660 2992 nescio
2705 2928 3020 3012 quomodo
3049 2931 3141 2994 ita

803 3031 1088 3097 confudit
1132 3029 1204 3096 Ο.
1237 3033 1598 3113 Muellerus,
1647 3031 1722 3095 V.
1770 3032 1872 3112 D.,
1917 3037 1987 3094 ut
2027 3031 2227 3095 Acras
2269 3031 2622 3112 nonaginta
2664 3037 2809 3113 post
2853 3031 3141 3097 conditas

804 3135 1155 3217 Syracusas
1200 3133 1388 3197 annis
1431 3133 1710 3198 munitas
1757 3152 1899 3198 esse
1929 3132 2186 3197 diceret.
2233 3132 2308 3195 V.
2340 3133 2494 3196 Dor.
2526 3132 2578 3195 Ι.
2624 3153 2686 3215 p.
2739 3138 2876 3197 117.
2939 3133 3142 3199 Situm

806 3242 942 3301 erat
985 3235 1107 3299 hoc
1153 3233 1458 3317 oppidum
1499 3234 1567 3298 in
1610 3234 1934 3299 montibus
1964 3233 2221 3298 Siciliae
2261 3233 2648 3316 asperrimis,
2691 3235 2934 3300 nivosis
2977 3235 3140 3301 adeo

804 3356 920 3421 per
973 3335 1281 3416 hiemem,
1341 3342 1409 3399 ut
1466 3336 1688 3397 tumuli
1748 3336 2043 3418 glaciales
2100 3335 2313 3396 Acrae
2379 3336 2645 3400 audiant
2699 3335 2856 3401 Silio
2919 3338 3139 3402 Italico

809 3438 1007 3511 (XIV.
1056 3441 1258 3518 270.),
1323 3457 1359 3502 e
1416 3438 1644 3519 quibus
1699 3438 1968 3519 Anapus
2020 3435 2246 3500 fluvius
2301 3457 2500 3518 aquas
2555 3458 2705 3502 suas
2767 3438 2834 3501 in
2890 3445 3142 3521 portum

809 3541 1353 3625 Syracusanorum
1395 3539 1742 3604 maximum
1791 3537 2049 3604 emittit:
2109 3536 2301 3602 distat
2356 3539 2623 3603 XXIIII
2666 3539 2846 3603 milia
2888 3560 3055 3623 pass.
3100 3561 3142 3606 a

809 3642 1170 3726 Syracusis,
1218 3643 1271 3706 L
1314 3641 1447 3706 fere
1501 3640 1679 3705 milia
1723 3641 1807 3705 ab
1853 3640 2072 3720 Enna,
2131 3659 2254 3722 quo
2311 3642 2640 3722 aliquanto
2685 3648 2830 3723 post
2872 3662 2914 3705 a
2955 3643 3142 3727 Syra-

809 3743 1064 3809 cusanis
1110 3741 1384 3808 deducta
1428 3743 1680 3808 colonia
1724 3747 1853 3824 est,
1905 3741 2115 3805 XVII.
2173 3743 2303 3806 mil.
2350 3763 2517 3825 pass.
2563 3763 2603 3806 a
2646 3743 2832 3807 Nato.
2919 3743 3013 3808 Ac
3055 3745 3144 3808 vi-

812 3845 1043 3910 dentur
1084 3844 1283 3910 Acras
1328 3851 1391 3909 et
1431 3846 1684 3910 Ennam
1729 3841 1972 3927 oppida
2025 3862 2101 3908 eo
2143 3844 2432 3926 inprimis
2475 3844 2738 3908 consilio
2783 3845 3145 3911 condidisse

811 3946 1234 4032 Syracusani,
1294 3952 1363 4010 111
1417 3952 1638 4011 contra
1691 3946 2107 4010 barbarorum
2163 3945 2556 4010 incursiones
2599 3952 2710 4011 aut
2750 3966 2867 4029 per
2906 3948 3143 4012 vallem

812 4049 1029 4132 Anapi
1084 4054 1193 4113 aut
1248 4068 1363 4132 per
1415 4049 1654 4113 vallem
1712 4046 2023 4113 Simaethi
2083 4047 2188 4125 (ab
2246 4047 2433 4113 huius
2489 4048 2664 4112 fonte
2722 4068 2920 4131 prope
2963 4050 3144 4115 abest

813 4153 1027 4227 Enna)
1073 4157 1294 4215 contra
1337 4149 1774 4234 Syracusanos
1821 4147 2342 4215 descendentium
2385 4169 2454 4214 se
2497 4155 2866 4214 tutarentur.
2940 4150 3142 4216 Simul

814 4259 1028 4319 autem
1071 4253 1277 4318 Acrae
1319 4251 1491 4316 viam
1533 4252 1805 4317 muniise
1846 4251 2144 4316 videntur
2185 4250 2268 4315 ad
2312 4251 2748 4334 occupandam
2793 4252 3141 4335 planitiem,

814 4374 980 4438 quae
1037 4373 1258 4420 versus
1322 4353 1651 4420 meridiem
1720 4353 1806 4418 ad
1868 4354 2045 4418 littus
2116 4352 2373 4418 Siciliae
2433 4359 2679 4437 spectat
2740 4353 2821 4418 ab
2886 4353 3145 4420 Himera
