3499 5219
1648 395 2215 458 ——250—

757 566 956 651 pretii
994 572 1140 626 nota
1157 563 1229 641 ¹),
1289 581 1410 623 non
1456 562 1710 623 deorum
1758 562 2079 643 imagines,
2143 563 2647 645 quemadmodum
2707 565 2891 625 etiam
2941 564 3115 647 apud
3169 581 3178 586 ·

765 688 878 730 nos
917 663 1082 749 fieri
1134 663 1390 734 assolet,
1464 664 1574 746 qui
1625 663 1960 724 Minervae
2024 673 2215 746 caput
2265 666 2526 726 nummis
2594 666 2951 749 imprimere
3011 686 3109 727 so-

766 770 992 832 lemus?
1065 764 1181 830 Oui
1235 763 1744 847 interpretationi
1802 761 1926 827 duo
1981 764 2238 846 quidem
2293 766 2612 831 contraria
2655 786 2796 833 esse
2840 766 3112 832 fortasse

763 870 904 952 quis
976 867 1238 948 dixerit,
1311 866 1584 949 primum
1655 862 1819 929 illud
1891 865 2062 947 quod
2133 866 2366 949 legitur
2436 867 2610 951 apud
2683 869 3107 951 Hesychium:

766 967 1109 1053 Σιδάρεοι,
1186 964 1373 1050 παρὰ
1421 960 1892 1050 Ἀριστοφάνει
1952 964 2018 1029 ἐν
2078 966 2446 1052 Νεφέλαις,
2525 968 2825 1053 σιδάρεοι
2882 975 3111 1044 θεοί,

769 1067 858 1148 (ὃς
917 1069 982 1136 ἐν
1027 1065 1367 1153 Βυζαντίῳ
1428 1067 1519 1133 ἔτι
1580 1066 1704 1133 εἶσὶ
1769 1066 1835 1132 ἐν
1892 1071 1985 1151 τῷ
2031 1069 2251 1152 λεπτῷ
2298 1077 2687 1150 νομίσματι,
2750 1060 2805 1154 ᾧ
2863 1072 3109 1154 σιδηρῷ

768 1175 874 1237 καὶ
922 1172 1238 1255 ἐλαχίστῳ
1284 1169 1561 1251 ἐχρῶντο
1608 1168 1980 1248 Βυζάντιοι.
2071 1170 2202 1236 Sed
2245 1172 2395 1238 vide
2440 1193 2603 1255 quae
2649 1174 2730 1239 de
2789 1175 2912 1238 1106
2968 1175 3109 1237 1060

766 1274 1099 1341 verissime
1139 1273 1382 1338 monuit
1412 1272 1688 1337 Cobetus
1731 1272 1773 1335 l.
1805 1272 1848 1335 l.
1881 1292 1943 1353 p.
1983 1277 2119 1338 130.
2195 1274 2345 1355 „Sic
2374 1275 2684 1340 Musurus.
2759 1275 2863 1340 Ad
2909 1275 3113 1340 codex

739 1378 990 1463 unicus
1019 1397 1060 1441 a
1089 1359 1381 1440 Sehowfo
1412 1375 1713 1439 collatus:
1762 1372 1859 1438 ἔτι
1901 1372 2027 1438 εἰσὶ
2060 1372 2414 1452 Βυζάντιοι
2458 1373 2525 1441 ἐν
2569 1378 2661 1460 τῷ
2708 1376 2930 1458 λεπτῷ
2975 1376 3111 1452 κτλ.

769 1479 956 1545 Vnde
1000 1470 1407 1543 scribendum
1437 1482 1563 1541 est:
1609 1470 1922 1556 Σιδοῖρεοι
1952 1471 2119 1558 παρ’
2149 1469 2623 1563 Ἀριστοφάνει
2654 1476 2719 1542 ἓν
2752 1477 3109 1561 Νεφέλαις.

1369 1609 1756 1692 Σιδαρέοισιν
1799 1605 2002 1691 ὥσπερ
2047 1610 2109 1671 ἐν
2154 1611 2488 1695 Βυζαντίῳ,

771 1747 918 1814 ἐπεὶ
963 1746 1027 1812 οἱ
1072 1744 1426 1824 Βυζάντιοι
1471 1744 1692 1828 λεπτῷ
1726 1744 1817 1822 (ἒν
1847 1747 1941 1809 τῶ
1975 1745 2100 1811 (161.
2132 1754 2351 1811 natum
2383 1768 2418 1813 e
2449 1749 2810 1813 coniectura
2839 1749 3108 1824 librarii)

772 1845 1183 1933 νομισματίῳ
1216 1847 1463 1932 σιδηρῷ
1496 1844 1604 1911 καὶ
1636 1845 1955 1931 ἐλαχίστῳ
1989 1847 2336 1929 ἑχριῦντο.“
2380 1851 2670 1915 Alterum
2702 1850 2875 1933 quod
2903 1852 3113 1916 minus

767 1954 1021 2037 placeat
1061 1952 1130 2015 in
1175 1971 1250 2016 60
1292 1950 1561 2015 fortasse
1605 1951 1744 2033 quis
1789 1951 2075 2016 inveniet
2118 1952 2288 2034 quod
2332 1954 2423 2035 τῷ
2458 1953 2747 2031 νομίζετε
2779 1960 2910 2017 tam
2940 1952 3112 2019 nude

768 2056 907 2121 sine
951 2054 1085 2118 ulla
1128 2053 1461 2118 interiecta
1503 2054 1608 2116 vel
1654 2051 2093 2118 admirationis
2150 2056 2254 2118 vel
2311 2055 2740 2120 cavillationis
2796 2056 3110 2138 particula

768 2156 1188 2240 proferuntur.
1275 2155 1413 2218 Hoe
1455 2174 1606 2218 vero
1650 2156 1796 2220 leve
1840 2175 1980 2220 esse
2025 2156 2166 2219 (1160
2213 2156 2641 2239 opprobrium,
2687 2157 2896 2239 ipsum
2943 2158 3109 2223 enim

769 2279 1083 2327 summum
1128 2263 1449 2340 stuporem
1495 2256 1884 2339 Strepsiadis
1930 2278 2187 2323 eausam
2235 2278 2375 2323 esse
2418 2266 2606 2342 puto,
2652 2279 2762 2322 eur
2805 2260 3110 2342 impetuo-

770 2364 901 2429 sius
944 2362 1054 2426 ille
1101 2378 1432 2442 quaerens,
1481 2380 1610 2423 non
1657 2366 1974 2442 repeteret
2019 2361 2398 2443 particulam
2443 2358 2584 2442 γάρ,
2633 2382 2758 2443 qua
2803 2369 2952 2427 ante
2981 2362 3109 2425 iam

769 2484 919 2529 usus
963 2469 1099 2528 erat
1143 2461 1435 2549 Socrates
1480 2480 1794 2542 quamque
1851 2482 1980 2525 non
2023 2468 2243 2545 aptam
2286 2462 2433 2526 huie
2475 2464 2615 2526 loeo
2661 2482 2803 2532 esse
2842 2464 3110 2527 arbitra-

770 2567 958 2632 batur
1000 2563 1359 2629 Brunekius
1403 2564 1494 2645 τῷ
1544 2554 1607 2627 δ’
1657 2555 1771 2645 ἄρ’
1823 2558 2057 2643 ὄμνυτε
2089 2564 2372 2630 scribens
2402 2585 2517 2648 pro
2559 2564 2652 2647 τῷ
2698 2562 2818 2647 γὰρ
2855 2560 3105 2648 ὄμνυτε.

940 2666 1180 2732 Poterit
1222 2665 1412 2747 igitur
1454 2665 1558 2729 hie
1601 2665 1778 2735 loeus
1821 2665 1911 2729 ita
1953 2666 2315 2748 germanice
2359 2666 2718 2731 transferri:

1743 2820 1795 2879 S
1807 2837 1840 2879 0
1858 2838 1892 2881 ο
1905 2838 1940 2878 r
1955 2838 1994 2880 a
2010 2828 2077 2881 le
2090 2840 2137 2881 s.

969 2924 1086 2983 Bet·
1127 2924 1393 2984 melchen
1444 2921 1689 2982 Go‘ttern
1732 2924 1912 2982 millst
1955 2925 2036 2982 da
2078 2923 2435 2985 sckmo'ren?
2531 2923 2736 2983 θᾶττον
2779 2926 2923 2984 sind

968 3010 1186 3068 Zuerst
1225 3010 1400 3070 nicht
1439 3012 1645 3067 uns're
1689 3007 1951 3084 Mz’mze„

1686 3127 1816 3186 Str
1834 3129 2212 3202 epsiadeS.

1933 3228 2089 3299 Nun,
2140 3245 2264 3287 mas
2308 3234 2549 3288 manzet
2590 3227 2769 3286 Iler?

939 3312 1383 3387 Blechlcappen
1427 3319 1594 3386 etma,
1642 3316 1754 3372 wie
1796 3330 1936 3372 man
1982 3316 2045 3372 in
2087 3312 2349 3390 Byzanz
2393 3316 2483 3374 sie
2525 3313 2772 3373 moenzt?

843 3577 847 3580 -
909 3550 944 3613 ¹)
982 3549 1082 3606 Qui
1130 3550 1261 3599 omni
1303 3564 1507 3613 prorsus
1555 3553 1673 3615 typo
1723 3552 1916 3600 careret
1961 3549 2205 3598 haetenus
2255 3552 2482 3612 repertus
2531 3554 2610 3597 est.
2641 3548 2827 3598 nullus,
2898 3544 3104 3596 Eekhel.
3190 3541 3230 3592 .”

775 3634 933 3686 doctr.
970 3636 1011 3684 I.
1058 3649 1108 3698 p.
1147 3634 1297 3686 CIIII
