3499 5219
1655 427 2182 503 -18'.—-

742 613 954 679 bonae
996 609 1268 675 instituit
1310 657 1349 692 ‚‚
1366 608 1706 692 collegium
1748 614 2082 692 poetarum
2100 606 2138 641 “
2152 656 2170 690 ‚
2216 607 2317 672 cui
2361 606 2559 674 Celtis
2601 606 2694 672 ita
2735 614 3102 690 praeesset,-

742 720 815 779 ut
856 713 935 794 ei,
980 718 1284 794 tanquam
1329 710 1555 776 Comiti
1598 710 1929 792 Palatino,
1978 710 2200 775 liceret
2242 709 2435 774 etiam
2476 709 2638 774 alios
2680 716 2906 793 poetas
2948 710 3087 775 lau-

741 821 954 882 reatos
997 833 1229 895 creare,
1276 812 1331 878 si
1376 812 1553 894 digni
1594 812 1716 877 hoc
1758 812 2000 878 honore
2041 812 2163 877 visi
2191 811 2476 877 fuissent.
2548 811 2628 875 In
2658 811 3080 895 „privilegio“

746 917 1059 983 Caesareo
1103 914 1360 980 additur
1374 917 1416 991 ¹)
1462 914 1721 996 „sicque
1764 933 1880 997 per
1923 932 2068 980 eum
2100 913 2393 994 (Celtem)
2426 919 2490 978 et
2518 933 2913 980 successores
2947 913 3085 979 eius

742 1020 1097 1086 laureatum
1126 1037 1242 1100 pro
1271 1023 1463 1100 poeta
1489 1016 1572 1080 ab
1603 1016 1896 1081 omnibus
1925 1016 2236 1081 habeatur
2264 1021 2328 1081 et
2356 1016 2711 1081 celebretur
2744 1016 3082 1092 (iubemus)

746 1120 1165 1201 omnibusque
1207 1117 1587 1202 privilegiis,
1665 1117 1893 1200 quibus
1935 1118 2128 1183 ceteri
2183 1124 2413 1201 poetae
2468 1116 2738 1183 laureati
2795 1116 3089 1200 fruuntur

746 1242 871 1306 quo
914 1219 1104 1286 modo
1148 1221 1307 1286 libet
1350 1219 1430 1284 de
1473 1218 1930 1285 consuetudine
1972 1220 2075 1284 vel
2123 1218 2203 1284 de
2244 1219 2382 1284 iure
2423 1225 2493 1283 ut
2546 1218 2828 1301 gaudere
2888 1219 3095 1302 possit

747 1343 823 1390 ac
862 1323 917 1389 si
957 1322 1252 1387 manibus
1292 1321 1524 1387 nostris
1554 1340 1633 1385 ea
1662 1319 1971 1402 dignitate
1997 1321 2219 1387 fuisset
2244 1320 2649 1403 insignitus.“
2720 1321 2815 1386 Ac
2845 1320 3088 1403 primus

630 1433 634 1436 ”
748 1424 1005 1517 quidem
1076 1424 1159 1489 ab
1231 1423 1353 1487 hoc
1422 1423 1693 1505 collegio
1767 1429 2103 1487 coronatus
2166 1430 2264 1488 est
2333 1423 2682 1486 Vincentius
2738 1421 3083 1504 hramnus,
3169 1431 3173 1434 ’

748 1526 1015 1594 Silesius
1030 1573 1046 1607 ‚
1122 1525 1491 1591 Silesiorum
1548 1531 1879 1608 poetarum
1931 1525 2209 1589 omnium
2253 1525 2567 1608 princeps.
2654 1525 2731 1589 A.
2775 1523 3089 1589 MDLVII

746 1626 1197 1695 Ferdinandus
1237 1627 1290 1691 Ι.
1335 1625 1458 1691 1100
1500 1626 1818 1710 poeticum
1862 1626 2200 1709 collegium
2229 1626 2650 1692 Maximiliani
2693 1625 3092 1691 confirmavit

744 1737 1049 1813 tanquam
1092 1728 1379 1811 quintam
1419 1728 1787 1792 facultatem
1831 1728 2379 1811 ,‚privilegiaque“
2422 1729 2558 1794 eius
2600 1728 2778 1793 auxit
2830 1728 2954 1809 ita,
3000 1733 3088 1808 ut,

746 1838 893 1916 post
934 1851 1205 1897 examen
1248 1827 1746 1910 candidatorum,
1793 1829 2009 1895 laurus
2052 1828 2407 1895 traderetur
2447 1831 2518 1895 in
2562 1829 2975 1896 celeberrima
3015 1849 3095 1893 ac

744 1932 1260 2017 frequentissima
1300 1931 1611 2015 panegyri
1654 1931 1721 1995 in
1765 1932 1916 1996 aula
1956 1932 2389 1997 universitatis
2432 1932 2751 1997 habenda.
2766 1933 2811 2009 2)

916 2033 1101 2099 Idem
1150 2039 1366 2098 tamen
1407 2033 1884 2097 Maximilianus
1926 2034 1979 2097 I.
2037 2034 2145 2116 qui
2199 2034 2538 2116 collegium
2582 2035 2900 2118 poeticum
2945 2053 3092 2097 con-

749 2136 999 2203 diderat
1068 2133 1294 2200 eodem
1364 2154 1535 2199 anno
1603 2135 1769 2200 MDI
1839 2135 2098 2201 Vrbano
2163 2136 2586 2218 Serralongae
2653 2136 2908 2200 Albano
2992 2135 3094 2199 ius

747 2237 1034 2304 attribuit
1088 2243 1311 2321 poetas
1365 2237 1686 2303 laureatos
1741 2236 2033 2318 creandi,
2108 2238 2163 2303 si
2216 2236 2377 2304 fides
2426 2237 2731 2303 habenda
2773 2244 2871 2302 est
2914 2237 3094 2301 Tira-

747 2340 960 2407 boseo.
978 2339 1022 2416 3)
1113 2338 1182 2404 Si
1237 2358 1460 2403 verum
1516 2346 1644 2421 est,
1721 2339 2109 2421 Serralonga
2161 2340 2245 2404 ab
2289 2341 2682 2423 Imperatore
2737 2337 2940 2403 factus
2996 2343 3097 2402 est

748 2440 977 2506 Comes
1049 2441 1397 2506 Palatinus.
1506 2441 1675 2505 Nam
1746 2441 1938 2507 etiam
2009 2442 2077 2506 in
2152 2440 2497 2507 Germania
2564 2438 2651 2504 ad
2728 2440 3091 2522 exemplum

747 2541 1170 2609 Maximiliani
1213 2543 1394 2607 multi
1436 2542 1632 2607 creati
1676 2548 1824 2608 sunt
1863 2549 2094 2628 poetae
2134 2542 2405 2609 laureati
2448 2543 2529 2607 ab
2585 2541 2665 2606 iis
2721 2542 2830 2626 qui
2891 2541 3093 2625 digni-

748 2651 945 2711 tatem
991 2644 1304 2710 Comitum
1346 2645 1525 2711 Sacri
1565 2646 1802 2711 Palatii
1855 2646 2362 2723 Lateranensis⁴)
2422 2647 2526 2711 vel
2582 2664 2624 2709 a
2678 2643 3094 2710 Pontificibus

744 2746 1027 2813 romanis
1083 2747 1187 2812 vel
1243 2748 1326 2812 ab
1369 2748 1868 2832 Imperatoribus
1922 2747 2259 2813 Germanis
2319 2747 2492 2812 nacti
2547 2754 2730 2836 erant
2785 2754 3092 2829 tanquam

748 2848 1088 2915 chrismate
1144 2848 1359 2931 aliquo
1415 2850 1520 2914 vel
1575 2847 1907 2914 Pontificio
1962 2849 2068 2914 vel
2126 2847 2438 2915 Caesareo
2491 2848 2690 2913 tincti.
2790 2847 3094 2932 Inprimis

747 2950 870 3015 hoc
925 2948 1407 3034 philosophicae
1461 2970 1575 3016 seu
1629 2950 1861 3025 artium
1915 2950 2203 3015 facultati
2256 2951 2740 3017 universitatum
2789 2951 3092 3016 tributum

750 3058 865 3134 est,
910 3050 1100 3116 modo
1142 3051 1242 3116 ius
1286 3050 1599 3116 Comitum
1642 3052 2078 3116 Palatinorum
2120 3052 2205 3117 ad
2249 3072 2392 3117 eam
2434 3052 2800 3142 pertineret.
2871 3051 3092 3116 Nihilo

748 3154 959 3218 minus
1001 3159 1219 3219 tamen
1264 3172 1484 3218 omnes
1526 3153 1602 3236 ii,
1678 3153 1786 3236 qui
1829 3154 1910 3218 ab
1954 3153 2111 3237 ipsis
2154 3154 2652 3238 Imperatoribus
2693 3154 2762 3218 in
2819 3153 3095 3219 comitiis

750 3253 1132 3321 Germaniae
1173 3254 1396 3319 laurea
1437 3255 1833 3321 cohonestati
1877 3262 2108 3337 essent,
2155 3257 2460 3323 maiorem
2501 3256 2770 3339 gloriam
2798 3274 2869 3321 se
2898 3254 3094 3337 adep·

748 3364 848 3423 tos
892 3374 1034 3422 esse
1076 3354 1443 3437 credebant,
1491 3364 1554 3422 et
1594 3363 1767 3422 recte
1810 3355 2085 3442 quidem.

917 3456 1096 3523 Haec
1139 3458 1597 3541 contemplanti
1638 3458 1932 3524 mirabile
1974 3457 2293 3524 videbitur
2333 3477 2541 3540 neque
2582 3458 3093 3522 Maximilianum

747 3560 1238 3643 Imperatorem,
1315 3559 1422 3640 qui
1476 3559 1617 3643 ipse
1672 3566 1867 3643 poeta
1919 3560 2258 3643 collegium
2316 3567 2646 3644 poetarum
2710 3558 3109 3639 instituerat,.

746 3662 918 3727 hunc
957 3661 1217 3725 laureae
1259 3659 1567 3727 honorem
1609 3661 2026 3728 contribuisse
2068 3662 2397 3727 Melchiori
2439 3662 2815 3742 Pfintzingio
2831 3710 2847 3743 ‚
2893 3661 3094 3726 Maxi-

748 3761 1114 3827 milianidos
1160 3760 1639 3841 (Theuerdank)
1684 3783 1836 3829 vero
1879 3764 2139 3845 auctori,
2154 3763 2198 3839 ⁵)
2252 3764 2378 3847 qui,
2424 3771 2493 3829 ut
2532 3764 2788 3829 Aeneas
2833 3762 3095 3848 Sylvius

885 3968 921 4029 ¹)
968 3984 1012 4015 v.
1048 3966 1383 4032 Privilegium
1416 3967 1706 4017 Erectionis
1754 3966 1960 4032 collegii
2007 3970 2267 4031 poetarum
2316 3966 2372 4015 in
2409 3965 2486 4017 ed.
2523 3967 2801 4016 carminum
2837 3965 2995 4016 Celtis
3030 3967 3089 4014 A.

748 4053 920 4103 MDII.
958 4050 1187 4101 Norimb.
1330 4051 1367 4116 2)
1415 4069 1461 4105 v,
1519 4052 1700 4120 Geory.
1746 4052 1907 4103 Ederi
1951 4050 2177 4116 Catalog.
2226 4051 2498 4100 Rectorum
2544 4055 2594 4101 et
2641 4051 2825 4103 illustr.
2865 4052 3091 4102 virorum

747 4136 1156 4203 Archigymnasii
1179 4136 1484 4188 Viennensis
1520 4153 1571 4202 p.
1608 4139 1688 4189 89.
1829 4136 1869 4194 ³)
1911 4137 2201 4188 Tiraboscki
2234 4135 2390 4185 storia
2426 4135 2558 4186 della
2592 4135 2703 4190 lett.
2738 4136 2847 4187 ital.
2886 4136 2944 4187 Τ.
2972 4136 3090 4186 VII.

748 4238 797 4286 p.
836 4224 918 4274 93.
954 4222 1030 4273 ed.
1066 4221 1227 4286 Neap.
1364 4223 1404 4286 ⁴)
1453 4239 1498 4271 v.
1536 4219 1597 4272 de
1645 4222 1741 4271 hac
1786 4221 2038 4285 dignitate
2074 4221 2357 4272 Eichlzorn:
2411 4222 2666 4272 Deutsche
2713 4222 2932 4272 Reichs-
2983 4221 3092 4271 und

749 4308 986 4372 Rechtsg.
1036 4307 1111 4357 ed.
1149 4305 1237 4356 IV.
1274 4306 1331 4357 T.
1368 4306 1459 4357 III.
1505 4324 1554 4371 p.
1593 4309 1709 4359 413.
1848 4306 1886 4368 ⁵)
1929 4306 1981 4357 Ο.
2028 4306 2277 4368 Hamus,
2328 4307 2418 4372 qui
2474 4309 2602 4360 1836
2651 4306 3092 4357 Theuerdankium

746 4392 912 4443 denuo
947 4392 1125 4453 edidit,
1161 4391 1288 4440 mihi
1323 4390 1378 4440 id
1414 4392 1545 4455 quod
1582 4392 1745 4442 voluit
1763 4408 1866 4441 non
1887 4392 2087 4441 videtur
2104 4392 2330 4454 evicisse,
2367 4407 2472 4443 esse
2497 4390 2666 4457 ipsum
2682 4391 3089 4444 Maximilianum
