<?xml version="1.0" encoding="UTF-8"?>
<!DOCTYPE html PUBLIC "-//W3C//DTD XHTML 1.0 Transitional//EN"
    "http://www.w3.org/TR/xhtml1/DTD/xhtml1-transitional.dtd">
<html xmlns="http://www.w3.org/1999/xhtml" xml:lang="en" lang="en">
 <head>
  <title>
</title>
<meta http-equiv="Content-Type" content="text/html;charset=utf-8" />
  <meta name='ocr-system' content='tesseract 3.04.00' />
  <meta name='ocr-capabilities' content='ocr_page ocr_carea ocr_par ocr_line ocrx_word'/>
</head>
<body>
  <div class='ocr_page' id='page_1' title='image "./opusculaacademi00goetgoog_0033.png"; bbox 0 0 3499 5219; ppageno 0'>
   <div class='ocr_carea' id='block_1_1' title="bbox 1311 416 1837 476">
    <p class='ocr_par' dir='ltr' id='par_1_1' title="bbox 1311 416 1837 476">
     <span class='ocr_line' id='line_1_1' title="bbox 1311 416 1837 476; baseline -0.002 -20"><span class='ocrx_word' id='word_1_1' title='bbox 1311 416 1837 476; x_wconf 63' lang='lat'>—17—</span> 
     </span>
    </p>
   </div>
   <div class='ocr_carea' id='block_1_2' title="bbox 390 664 2743 1000">
    <p class='ocr_par' dir='ltr' id='par_1_2' title="bbox 390 664 2743 1000">
     <span class='ocr_line' id='line_1_2' title="bbox 390 664 2743 765; baseline 0.001 -22"><span class='ocrx_word' id='word_1_2' title='bbox 390 669 529 743; x_wconf 93' lang='lat' dir='ltr'>III.</span> <span class='ocrx_word' id='word_1_3' title='bbox 634 670 739 743; x_wconf 92' lang='lat' dir='ltr'>Io.</span> <span class='ocrx_word' id='word_1_4' title='bbox 798 664 1184 761; x_wconf 86' lang='lat' dir='ltr'>Stigelius,</span> <span class='ocrx_word' id='word_1_5' title='bbox 1259 666 1623 742; x_wconf 91' lang='lat' dir='ltr'>studiosus</span> <span class='ocrx_word' id='word_1_6' title='bbox 1686 666 2165 765; x_wconf 81' lang='lat' dir='ltr'>philologiae,</span> <span class='ocrx_word' id='word_1_7' title='bbox 2242 692 2287 742; x_wconf 92' lang='lat' dir='ltr'>a</span> <span class='ocrx_word' id='word_1_8' title='bbox 2353 665 2612 744; x_wconf 90' lang='lat' dir='ltr'>Carolo</span> <span class='ocrx_word' id='word_1_9' title='bbox 2665 669 2743 746; x_wconf 89' lang='lat' dir='ltr'><strong>V</strong></span> 
     </span>
     <span class='ocr_line' id='line_1_3' title="bbox 691 784 2441 885; baseline -0.001 -22"><span class='ocrx_word' id='word_1_10' title='bbox 691 789 1130 885; x_wconf 81' lang='lat' dir='ltr'>Imperatore</span> <span class='ocrx_word' id='word_1_11' title='bbox 1182 784 1588 861; x_wconf 82' lang='lat' dir='ltr'>declaratur</span> <span class='ocrx_word' id='word_1_12' title='bbox 1637 787 1865 861; x_wconf 86' lang='lat' dir='ltr'>Poeta</span> <span class='ocrx_word' id='word_1_13' title='bbox 1913 787 2315 862; x_wconf 88' lang='lat' dir='ltr'>Laureatus</span> <span class='ocrx_word' id='word_1_14' title='bbox 2369 796 2441 864; x_wconf 91' lang='lat' dir='ltr'>et</span> 
     </span>
     <span class='ocr_line' id='line_1_4' title="bbox 1261 906 1869 1000; baseline 0.002 -20"><span class='ocrx_word' id='word_1_15' title='bbox 1261 906 1545 981; x_wconf 80' lang='lat' dir='ltr'>Nobilis</span> <span class='ocrx_word' id='word_1_16' title='bbox 1599 906 1869 1000; x_wconf 89' lang='lat' dir='ltr'>Eques.</span> 
     </span>
    </p>
   </div>
   <div class='ocr_carea' id='block_1_3' title="bbox 389 1091 2750 3418">
    <p class='ocr_par' dir='ltr' id='par_1_3' title="bbox 390 1091 2742 1484">
     <span class='ocr_line' id='line_1_5' title="bbox 564 1091 2741 1177; baseline -0.002 -18"><span class='ocrx_word' id='word_1_17' title='bbox 564 1095 769 1161; x_wconf 86' lang='lat' dir='ltr'>Venio</span> <span class='ocrx_word' id='word_1_18' title='bbox 827 1114 997 1159; x_wconf 90' lang='lat' dir='ltr'>nunc</span> <span class='ocrx_word' id='word_1_19' title='bbox 1051 1092 1138 1157; x_wconf 87' lang='lat' dir='ltr'>ad</span> <span class='ocrx_word' id='word_1_20' title='bbox 1191 1098 1440 1177; x_wconf 88' lang='lat' dir='ltr'>tempus</span> <span class='ocrx_word' id='word_1_21' title='bbox 1507 1091 1900 1158; x_wconf 90' lang='lat' dir='ltr'>comitiorum</span> <span class='ocrx_word' id='word_1_22' title='bbox 1955 1093 2518 1160; x_wconf 87' lang='lat' dir='ltr'>Ratisbonensium</span> <span class='ocrx_word' id='word_1_23' title='bbox 2583 1107 2741 1171; x_wconf 71' lang='lat' dir='ltr'>anni</span> 
     </span>
     <span class='ocr_line' id='line_1_6' title="bbox 390 1193 2742 1279; baseline -0.002 -15"><span class='ocrx_word' id='word_1_24' title='bbox 390 1199 708 1278; x_wconf 84' lang='lat' dir='ltr'>MDXLI,</span> <span class='ocrx_word' id='word_1_25' title='bbox 767 1195 937 1279; x_wconf 89' lang='lat' dir='ltr'>quod</span> <span class='ocrx_word' id='word_1_26' title='bbox 981 1196 1246 1278; x_wconf 88' lang='lat' dir='ltr'>Stigelio</span> <span class='ocrx_word' id='word_1_27' title='bbox 1302 1195 1421 1259; x_wconf 84' lang='lat' dir='ltr'>fuit</span> <span class='ocrx_word' id='word_1_28' title='bbox 1462 1195 2005 1279; x_wconf 87' lang='lat' dir='ltr'>gloriosissimum.</span> <span class='ocrx_word' id='word_1_29' title='bbox 2096 1194 2227 1262; x_wconf 85' lang='lat' dir='ltr'>Sed</span> <span class='ocrx_word' id='word_1_30' title='bbox 2269 1202 2613 1278; x_wconf 85' lang='lat' dir='ltr'>antequam</span> <span class='ocrx_word' id='word_1_31' title='bbox 2660 1193 2742 1260; x_wconf 84' lang='lat' dir='ltr'>de</span> 
     </span>
     <span class='ocr_line' id='line_1_7' title="bbox 390 1296 2740 1383; baseline -0.002 -19"><span class='ocrx_word' id='word_1_32' title='bbox 390 1301 531 1364; x_wconf 82' lang='lat' dir='ltr'>viro</span> <span class='ocrx_word' id='word_1_33' title='bbox 573 1300 714 1383; x_wconf 91' lang='lat' dir='ltr'>ipso</span> <span class='ocrx_word' id='word_1_34' title='bbox 758 1298 900 1364; x_wconf 91' lang='lat' dir='ltr'>dico</span> <span class='ocrx_word' id='word_1_35' title='bbox 945 1297 1424 1383; x_wconf 89' lang='lat' dir='ltr'>praemonenda</span> <span class='ocrx_word' id='word_1_36' title='bbox 1467 1296 1783 1380; x_wconf 87' lang='lat' dir='ltr'>quaedam</span> <span class='ocrx_word' id='word_1_37' title='bbox 1827 1304 1999 1379; x_wconf 90' lang='lat' dir='ltr'>sunt,</span> <span class='ocrx_word' id='word_1_38' title='bbox 2047 1303 2116 1362; x_wconf 89' lang='lat' dir='ltr'>ut</span> <span class='ocrx_word' id='word_1_39' title='bbox 2161 1296 2241 1362; x_wconf 89' lang='lat' dir='ltr'>de</span> <span class='ocrx_word' id='word_1_40' title='bbox 2283 1297 2556 1380; x_wconf 86' lang='lat' dir='ltr'>honore,</span> <span class='ocrx_word' id='word_1_41' title='bbox 2617 1316 2740 1378; x_wconf 92' lang='lat' dir='ltr'>quo</span> 
     </span>
     <span class='ocr_line' id='line_1_8' title="bbox 390 1399 1817 1484; baseline -0.002 -18"><span class='ocrx_word' id='word_1_42' title='bbox 390 1408 705 1466; x_wconf 87' lang='lat' dir='ltr'>mactatus</span> <span class='ocrx_word' id='word_1_43' title='bbox 749 1408 846 1466; x_wconf 90' lang='lat' dir='ltr'>est</span> <span class='ocrx_word' id='word_1_44' title='bbox 887 1407 1097 1484; x_wconf 89' lang='lat' dir='ltr'>poeta,</span> <span class='ocrx_word' id='word_1_45' title='bbox 1142 1400 1374 1465; x_wconf 88' lang='lat' dir='ltr'>rectius</span> <span class='ocrx_word' id='word_1_46' title='bbox 1422 1399 1817 1464; x_wconf 87' lang='lat' dir='ltr'>diiudicetur.</span> 
     </span>
    </p>

    <p class='ocr_par' dir='ltr' id='par_1_4' title="bbox 389 1500 2750 3418">
     <span class='ocr_line' id='line_1_9' title="bbox 562 1500 2741 1569; baseline -0.002 -1"><span class='ocrx_word' id='word_1_47' title='bbox 562 1503 1069 1569; x_wconf 87' lang='lat' dir='ltr'>Renascentibus</span> <span class='ocrx_word' id='word_1_48' title='bbox 1112 1502 1181 1566; x_wconf 88' lang='lat' dir='ltr'>in</span> <span class='ocrx_word' id='word_1_49' title='bbox 1210 1502 1400 1566; x_wconf 88' lang='lat' dir='ltr'>Italia</span> <span class='ocrx_word' id='word_1_50' title='bbox 1443 1501 1669 1567; x_wconf 89' lang='lat' dir='ltr'>studiis</span> <span class='ocrx_word' id='word_1_51' title='bbox 1698 1500 2112 1566; x_wconf 88' lang='lat' dir='ltr'>humanitatis</span> <span class='ocrx_word' id='word_1_52' title='bbox 2145 1500 2348 1566; x_wconf 89' lang='lat' dir='ltr'>doctis</span> <span class='ocrx_word' id='word_1_53' title='bbox 2374 1500 2741 1565; x_wconf 88' lang='lat' dir='ltr'>hominibus</span> 
     </span>
     <span class='ocr_line' id='line_1_10' title="bbox 390 1601 2743 1687; baseline -0.001 -18"><span class='ocrx_word' id='word_1_54' title='bbox 390 1604 481 1669; x_wconf 88' lang='lat' dir='ltr'>ad</span> <span class='ocrx_word' id='word_1_55' title='bbox 524 1604 928 1670; x_wconf 85' lang='lat' dir='ltr'>excitandum</span> <span class='ocrx_word' id='word_1_56' title='bbox 972 1604 1264 1668; x_wconf 87' lang='lat' dir='ltr'>ardorem</span> <span class='ocrx_word' id='word_1_57' title='bbox 1308 1604 1376 1668; x_wconf 88' lang='lat' dir='ltr'>in</span> <span class='ocrx_word' id='word_1_58' title='bbox 1418 1603 1644 1669; x_wconf 91' lang='lat' dir='ltr'>litteris</span> <span class='ocrx_word' id='word_1_59' title='bbox 1702 1624 1742 1667; x_wconf 89' lang='lat' dir='ltr'>a</span> <span class='ocrx_word' id='word_1_60' title='bbox 1798 1603 2199 1687; x_wconf 89' lang='lat' dir='ltr'>pontificibus</span> <span class='ocrx_word' id='word_1_61' title='bbox 2253 1601 2532 1668; x_wconf 87' lang='lat' dir='ltr'>romanis</span> <span class='ocrx_word' id='word_1_62' title='bbox 2588 1601 2743 1666; x_wconf 88' lang='lat' dir='ltr'>inde</span> 
     </span>
     <span class='ocr_line' id='line_1_11' title="bbox 389 1703 2744 1788; baseline -0.002 -17"><span class='ocrx_word' id='word_1_63' title='bbox 389 1707 478 1771; x_wconf 88' lang='lat' dir='ltr'>ab</span> <span class='ocrx_word' id='word_1_64' title='bbox 537 1707 792 1773; x_wconf 80' lang='lat' dir='ltr'>saeculo</span> <span class='ocrx_word' id='word_1_65' title='bbox 851 1705 1095 1770; x_wconf 89' lang='lat' dir='ltr'>decimo</span> <span class='ocrx_word' id='word_1_66' title='bbox 1155 1712 1375 1788; x_wconf 90' lang='lat' dir='ltr'>quarto</span> <span class='ocrx_word' id='word_1_67' title='bbox 1433 1705 1707 1771; x_wconf 81' lang='lat' dir='ltr'>honores</span> <span class='ocrx_word' id='word_1_68' title='bbox 1764 1705 2024 1787; x_wconf 90' lang='lat' dir='ltr'>quidam</span> <span class='ocrx_word' id='word_1_69' title='bbox 2081 1711 2144 1769; x_wconf 92' lang='lat' dir='ltr'>et</span> <span class='ocrx_word' id='word_1_70' title='bbox 2197 1704 2365 1768; x_wconf 88' lang='lat' dir='ltr'>tituli</span> <span class='ocrx_word' id='word_1_71' title='bbox 2432 1703 2744 1787; x_wconf 88' lang='lat' dir='ltr'>impertiri</span> 
     </span>
     <span class='ocr_line' id='line_1_12' title="bbox 390 1806 2739 1890; baseline -0.003 -16"><span class='ocrx_word' id='word_1_72' title='bbox 390 1809 706 1888; x_wconf 86' lang='lat' dir='ltr'>solebant,</span> <span class='ocrx_word' id='word_1_73' title='bbox 753 1827 1015 1890; x_wconf 88' lang='lat' dir='ltr'>quorum</span> <span class='ocrx_word' id='word_1_74' title='bbox 1058 1809 1221 1873; x_wconf 88' lang='lat' dir='ltr'>alter</span> <span class='ocrx_word' id='word_1_75' title='bbox 1265 1813 1399 1872; x_wconf 91' lang='lat' dir='ltr'>erat</span> <span class='ocrx_word' id='word_1_76' title='bbox 1442 1808 1866 1872; x_wconf 77' lang='lat' dir='ltr'>coronationis</span> <span class='ocrx_word' id='word_1_77' title='bbox 1896 1808 2234 1871; x_wconf 89' lang='lat' dir='ltr'>Poetarum</span> <span class='ocrx_word' id='word_1_78' title='bbox 2263 1806 2739 1884; x_wconf 89' lang='lat' dir='ltr'>Laureatorum,</span> 
     </span>
     <span class='ocr_line' id='line_1_13' title="bbox 390 1906 2743 1976; baseline -0.002 -1"><span class='ocrx_word' id='word_1_79' title='bbox 390 1912 558 1976; x_wconf 88' lang='lat' dir='ltr'>alter</span> <span class='ocrx_word' id='word_1_80' title='bbox 597 1910 934 1976; x_wconf 77' lang='lat' dir='ltr'>creationis</span> <span class='ocrx_word' id='word_1_81' title='bbox 980 1910 1295 1975; x_wconf 83' lang='lat' dir='ltr'>Comitum</span> <span class='ocrx_word' id='word_1_82' title='bbox 1340 1910 1518 1975; x_wconf 83' lang='lat' dir='ltr'>Sacri</span> <span class='ocrx_word' id='word_1_83' title='bbox 1559 1909 1792 1974; x_wconf 91' lang='lat' dir='ltr'>Palatii</span> <span class='ocrx_word' id='word_1_84' title='bbox 1833 1909 2304 1974; x_wconf 87' lang='lat' dir='ltr'>Lateranensis.</span> <span class='ocrx_word' id='word_1_85' title='bbox 2378 1907 2501 1973; x_wconf 94' lang='lat' dir='ltr'>Ille</span> <span class='ocrx_word' id='word_1_86' title='bbox 2544 1906 2743 1971; x_wconf 88' lang='lat' dir='ltr'>hono-</span> 
     </span>
     <span class='ocr_line' id='line_1_14' title="bbox 390 2008 2744 2093; baseline -0.003 -14"><span class='ocrx_word' id='word_1_87' title='bbox 390 2014 506 2079; x_wconf 86' lang='lat' dir='ltr'>ris.</span> <span class='ocrx_word' id='word_1_88' title='bbox 524 2014 729 2079; x_wconf 91' lang='lat' dir='ltr'>solum</span> <span class='ocrx_word' id='word_1_89' title='bbox 775 2018 910 2077; x_wconf 85' lang='lat' dir='ltr'>erat</span> <span class='ocrx_word' id='word_1_90' title='bbox 952 2011 1328 2093; x_wconf 82' lang='lat' dir='ltr'>testificatiO,</span> <span class='ocrx_word' id='word_1_91' title='bbox 1374 2013 1479 2077; x_wconf 92' lang='lat' dir='ltr'>hic</span> <span class='ocrx_word' id='word_1_92' title='bbox 1522 2019 1735 2076; x_wconf 86' lang='lat' dir='ltr'>autem</span> <span class='ocrx_word' id='word_1_93' title='bbox 1780 2012 1972 2077; x_wconf 89' lang='lat' dir='ltr'>etiam</span> <span class='ocrx_word' id='word_1_94' title='bbox 2017 2011 2157 2075; x_wconf 90' lang='lat' dir='ltr'>iura</span> <span class='ocrx_word' id='word_1_95' title='bbox 2201 2008 2515 2092; x_wconf 87' lang='lat' dir='ltr'>quaedam</span> <span class='ocrx_word' id='word_1_96' title='bbox 2559 2027 2744 2091; x_wconf 87' lang='lat' dir='ltr'>prae-</span> 
     </span>
     <span class='ocr_line' id='line_1_15' title="bbox 391 2109 2744 2198; baseline -0.003 -17"><span class='ocrx_word' id='word_1_97' title='bbox 391 2115 605 2181; x_wconf 88' lang='lat' dir='ltr'>bebat.</span> <span class='ocrx_word' id='word_1_98' title='bbox 664 2115 759 2179; x_wconf 89' lang='lat' dir='ltr'>Ac</span> <span class='ocrx_word' id='word_1_99' title='bbox 802 2114 1044 2197; x_wconf 89' lang='lat' dir='ltr'>primus</span> <span class='ocrx_word' id='word_1_100' title='bbox 1087 2113 1343 2196; x_wconf 84' lang='lat' dir='ltr'>quidem</span> <span class='ocrx_word' id='word_1_101' title='bbox 1387 2115 1494 2196; x_wconf 91' lang='lat' dir='ltr'>qui</span> <span class='ocrx_word' id='word_1_102' title='bbox 1537 2134 1577 2178; x_wconf 87' lang='lat' dir='ltr'>a</span> <span class='ocrx_word' id='word_1_103' title='bbox 1620 2112 2023 2198; x_wconf 89' lang='lat' dir='ltr'>pontificibus</span> <span class='ocrx_word' id='word_1_104' title='bbox 2066 2110 2346 2176; x_wconf 90' lang='lat' dir='ltr'>romanis</span> <span class='ocrx_word' id='word_1_105' title='bbox 2388 2116 2579 2194; x_wconf 87' lang='lat' dir='ltr'>poeta</span> <span class='ocrx_word' id='word_1_106' title='bbox 2610 2109 2744 2173; x_wconf 91' lang='lat' dir='ltr'>lau·</span> 
     </span>
     <span class='ocr_line' id='line_1_16' title="bbox 390 2210 2741 2300; baseline -0.003 -19"><span class='ocrx_word' id='word_1_107' title='bbox 390 2223 605 2282; x_wconf 90' lang='lat' dir='ltr'>reatus</span> <span class='ocrx_word' id='word_1_108' title='bbox 647 2216 903 2300; x_wconf 90' lang='lat' dir='ltr'>publice</span> <span class='ocrx_word' id='word_1_109' title='bbox 947 2222 1265 2280; x_wconf 87' lang='lat' dir='ltr'>crearetur</span> <span class='ocrx_word' id='word_1_110' title='bbox 1307 2215 1424 2280; x_wconf 85' lang='lat' dir='ltr'>fuit</span> <span class='ocrx_word' id='word_1_111' title='bbox 1457 2216 1834 2280; x_wconf 85' lang='lat' dir='ltr'>Franciscus</span> <span class='ocrx_word' id='word_1_112' title='bbox 1862 2213 2206 2278; x_wconf 88' lang='lat' dir='ltr'>Petrarcha</span> <span class='ocrx_word' id='word_1_113' title='bbox 2234 2212 2310 2286; x_wconf 88' lang='lat' dir='ltr'>A.</span> <span class='ocrx_word' id='word_1_114' title='bbox 2344 2210 2741 2276; x_wconf 91' lang='lat' dir='ltr'>MCCCXLI.</span> 
     </span>
     <span class='ocr_line' id='line_1_17' title="bbox 392 2313 2746 2401; baseline -0.003 -18"><span class='ocrx_word' id='word_1_115' title='bbox 392 2320 460 2384; x_wconf 91' lang='lat' dir='ltr'>Is</span> <span class='ocrx_word' id='word_1_116' title='bbox 489 2325 701 2383; x_wconf 89' lang='lat' dir='ltr'>autem</span> <span class='ocrx_word' id='word_1_117' title='bbox 734 2317 1053 2401; x_wconf 90' lang='lat' dir='ltr'>duplicem</span> <span class='ocrx_word' id='word_1_118' title='bbox 1084 2337 1382 2382; x_wconf 89' lang='lat' dir='ltr'>coronam</span> <span class='ocrx_word' id='word_1_119' title='bbox 1411 2317 1682 2400; x_wconf 86' lang='lat' dir='ltr'>adeptus</span> <span class='ocrx_word' id='word_1_120' title='bbox 1714 2323 1829 2397; x_wconf 86' lang='lat' dir='ltr'>est,</span> <span class='ocrx_word' id='word_1_121' title='bbox 1876 2317 2144 2380; x_wconf 88' lang='lat' dir='ltr'>alteram</span> <span class='ocrx_word' id='word_1_122' title='bbox 2174 2320 2434 2397; x_wconf 89' lang='lat' dir='ltr'>propter</span> <span class='ocrx_word' id='word_1_123' title='bbox 2462 2313 2746 2378; x_wconf 88' lang='lat' dir='ltr'>italicam</span> 
     </span>
     <span class='ocr_line' id='line_1_18' title="bbox 393 2414 2746 2504; baseline -0.005 -19"><span class='ocrx_word' id='word_1_124' title='bbox 393 2419 638 2504; x_wconf 88' lang='lat' dir='ltr'>poesin,</span> <span class='ocrx_word' id='word_1_125' title='bbox 683 2420 950 2487; x_wconf 84' lang='lat' dir='ltr'>alteram</span> <span class='ocrx_word' id='word_1_126' title='bbox 981 2426 1238 2504; x_wconf 90' lang='lat' dir='ltr'>propter</span> <span class='ocrx_word' id='word_1_127' title='bbox 1265 2420 1551 2501; x_wconf 86' lang='lat' dir='ltr'>latinam,</span> <span class='ocrx_word' id='word_1_128' title='bbox 1584 2420 1652 2482; x_wconf 91' lang='lat' dir='ltr'>in</span> <span class='ocrx_word' id='word_1_129' title='bbox 1681 2426 1949 2500; x_wconf 87' lang='lat' dir='ltr'>utroque</span> <span class='ocrx_word' id='word_1_130' title='bbox 1979 2416 2147 2482; x_wconf 91' lang='lat' dir='ltr'>enim</span> <span class='ocrx_word' id='word_1_131' title='bbox 2177 2436 2413 2498; x_wconf 82' lang='lat' dir='ltr'>genere</span> <span class='ocrx_word' id='word_1_132' title='bbox 2442 2414 2746 2481; x_wconf 84' lang='lat' dir='ltr'>excelluit</span> 
     </span>
     <span class='ocr_line' id='line_1_19' title="bbox 395 2518 2744 2604; baseline -0.002 -17"><span class='ocrx_word' id='word_1_133' title='bbox 395 2521 669 2604; x_wconf 84' lang='lat' dir='ltr'>egregie.</span> <span class='ocrx_word' id='word_1_134' title='bbox 768 2520 1048 2586; x_wconf 89' lang='lat' dir='ltr'>Eosdem</span> <span class='ocrx_word' id='word_1_135' title='bbox 1112 2522 1386 2587; x_wconf 90' lang='lat' dir='ltr'>honores</span> <span class='ocrx_word' id='word_1_136' title='bbox 1456 2521 1681 2587; x_wconf 91' lang='lat' dir='ltr'>eodem</span> <span class='ocrx_word' id='word_1_137' title='bbox 1757 2520 2011 2585; x_wconf 90' lang='lat' dir='ltr'>saeculo</span> <span class='ocrx_word' id='word_1_138' title='bbox 2070 2518 2262 2583; x_wconf 90' lang='lat' dir='ltr'>etiam</span> <span class='ocrx_word' id='word_1_139' title='bbox 2317 2518 2744 2601; x_wconf 87' lang='lat' dir='ltr'>Imperatores</span> 
     </span>
     <span class='ocr_line' id='line_1_20' title="bbox 395 2620 2747 2704; baseline -0.002 -15"><span class='ocrx_word' id='word_1_140' title='bbox 395 2624 760 2689; x_wconf 82' lang='lat' dir='ltr'>Germanici</span> <span class='ocrx_word' id='word_1_141' title='bbox 802 2623 955 2688; x_wconf 91' lang='lat' dir='ltr'>inde</span> <span class='ocrx_word' id='word_1_142' title='bbox 997 2625 1079 2689; x_wconf 90' lang='lat' dir='ltr'>ab</span> <span class='ocrx_word' id='word_1_143' title='bbox 1111 2624 1435 2689; x_wconf 88' lang='lat' dir='ltr'>Ludovico</span> <span class='ocrx_word' id='word_1_144' title='bbox 1467 2626 1716 2689; x_wconf 84' lang='lat' dir='ltr'>Bavaro</span> <span class='ocrx_word' id='word_1_145' title='bbox 1735 2625 1778 2700; x_wconf 86' lang='grc'>1)</span> <span class='ocrx_word' id='word_1_146' title='bbox 1824 2621 2301 2687; x_wconf 82' lang='lat' dir='ltr'>contribuerunt</span> <span class='ocrx_word' id='word_1_147' title='bbox 2344 2626 2407 2685; x_wconf 88' lang='lat' dir='ltr'>et</span> <span class='ocrx_word' id='word_1_148' title='bbox 2445 2620 2651 2704; x_wconf 88' lang='lat' dir='ltr'>poetis</span> <span class='ocrx_word' id='word_1_149' title='bbox 2682 2626 2747 2686; x_wconf 90' lang='lat' dir='ltr'>et</span> 
     </span>
     <span class='ocr_line' id='line_1_21' title="bbox 393 2723 2746 2809; baseline -0.002 -18"><span class='ocrx_word' id='word_1_150' title='bbox 393 2725 550 2791; x_wconf 85' lang='lat' dir='ltr'>viris</span> <span class='ocrx_word' id='word_1_151' title='bbox 597 2726 816 2790; x_wconf 90' lang='lat' dir='ltr'>doctis.</span> <span class='ocrx_word' id='word_1_152' title='bbox 893 2726 995 2790; x_wconf 93' lang='lat' dir='ltr'>Ab</span> <span class='ocrx_word' id='word_1_153' title='bbox 1041 2725 1364 2792; x_wconf 87' lang='lat' dir='ltr'>Friderico</span> <span class='ocrx_word' id='word_1_154' title='bbox 1409 2727 1509 2791; x_wconf 93' lang='lat' dir='ltr'>III</span> <span class='ocrx_word' id='word_1_155' title='bbox 1553 2727 1944 2809; x_wconf 88' lang='lat' dir='ltr'>Imperatore</span> <span class='ocrx_word' id='word_1_156' title='bbox 1988 2723 2229 2807; x_wconf 89' lang='lat' dir='ltr'>primus</span> <span class='ocrx_word' id='word_1_157' title='bbox 2271 2724 2495 2786; x_wconf 88' lang='lat' dir='ltr'>laurea</span> <span class='ocrx_word' id='word_1_158' title='bbox 2540 2740 2746 2804; x_wconf 85' lang='lat' dir='ltr'>eaque</span> 
     </span>
     <span class='ocr_line' id='line_1_22' title="bbox 394 2822 2745 2911; baseline -0.003 -19"><span class='ocrx_word' id='word_1_159' title='bbox 394 2827 601 2892; x_wconf 87' lang='lat' dir='ltr'>latina</span> <span class='ocrx_word' id='word_1_160' title='bbox 658 2826 928 2893; x_wconf 86' lang='lat' dir='ltr'>donatus</span> <span class='ocrx_word' id='word_1_161' title='bbox 986 2834 1083 2892; x_wconf 90' lang='lat' dir='ltr'>est</span> <span class='ocrx_word' id='word_1_162' title='bbox 1138 2828 1394 2893; x_wconf 90' lang='lat' dir='ltr'>Aeneas</span> <span class='ocrx_word' id='word_1_163' title='bbox 1451 2827 1739 2911; x_wconf 80' lang='lat' dir='ltr'>Sylvius,</span> <span class='ocrx_word' id='word_1_164' title='bbox 1810 2828 1917 2910; x_wconf 90' lang='lat' dir='ltr'>qui</span> <span class='ocrx_word' id='word_1_165' title='bbox 1972 2832 2197 2909; x_wconf 90' lang='lat' dir='ltr'>postea</span> <span class='ocrx_word' id='word_1_166' title='bbox 2267 2823 2384 2887; x_wconf 84' lang='lat' dir='ltr'>fuit</span> <span class='ocrx_word' id='word_1_167' title='bbox 2456 2822 2745 2906; x_wconf 81' lang='lat' dir='ltr'>pontifex</span> 
     </span>
     <span class='ocr_line' id='line_1_23' title="bbox 394 2924 2744 3013; baseline -0.001 -20"><span class='ocrx_word' id='word_1_168' title='bbox 394 2929 711 2994; x_wconf 84' lang='lat' dir='ltr'>maximus</span> <span class='ocrx_word' id='word_1_169' title='bbox 739 2929 890 2993; x_wconf 89' lang='lat' dir='ltr'>Pius</span> <span class='ocrx_word' id='word_1_170' title='bbox 922 2929 1006 3010; x_wconf 92' lang='lat' dir='ltr'>II,</span> <span class='ocrx_word' id='word_1_171' title='bbox 1054 2936 1186 2993; x_wconf 88' lang='lat' dir='ltr'>tum</span> <span class='ocrx_word' id='word_1_172' title='bbox 1231 2950 1383 2994; x_wconf 85' lang='lat' dir='ltr'>vero</span> <span class='ocrx_word' id='word_1_173' title='bbox 1415 2930 1790 3013; x_wconf 89' lang='lat' dir='ltr'>Imperatori</span> <span class='ocrx_word' id='word_1_174' title='bbox 1834 2931 1915 2993; x_wconf 91' lang='lat' dir='ltr'>ab</span> <span class='ocrx_word' id='word_1_175' title='bbox 1962 2927 2267 3011; x_wconf 88' lang='lat' dir='ltr'>epistolis.</span> <span class='ocrx_word' id='word_1_176' title='bbox 2315 2926 2369 2990; x_wconf 86' lang='lat' dir='ltr'>E</span> <span class='ocrx_word' id='word_1_177' title='bbox 2408 2924 2744 2990; x_wconf 85' lang='lat' dir='ltr'>Germanis</span> 
     </span>
     <span class='ocr_line' id='line_1_24' title="bbox 394 3026 2748 3114; baseline -0.002 -19"><span class='ocrx_word' id='word_1_178' title='bbox 394 3032 480 3095; x_wconf 90' lang='lat' dir='ltr'>ab</span> <span class='ocrx_word' id='word_1_179' title='bbox 524 3029 751 3095; x_wconf 90' lang='lat' dir='ltr'>eodem</span> <span class='ocrx_word' id='word_1_180' title='bbox 782 3031 1173 3114; x_wconf 88' lang='lat' dir='ltr'>Imperatore</span> <span class='ocrx_word' id='word_1_181' title='bbox 1215 3032 1284 3095; x_wconf 92' lang='lat' dir='ltr'>in</span> <span class='ocrx_word' id='word_1_182' title='bbox 1328 3031 1596 3096; x_wconf 84' lang='lat' dir='ltr'>comitiis</span> <span class='ocrx_word' id='word_1_183' title='bbox 1626 3027 2270 3111; x_wconf 83' lang='lat' dir='ltr'>Norimbergensibus</span> <span class='ocrx_word' id='word_1_184' title='bbox 2314 3027 2382 3090; x_wconf 91' lang='lat' dir='ltr'>in</span> <span class='ocrx_word' id='word_1_185' title='bbox 2427 3046 2573 3091; x_wconf 89' lang='lat' dir='ltr'>arce</span> <span class='ocrx_word' id='word_1_186' title='bbox 2600 3026 2748 3109; x_wconf 89' lang='lat' dir='ltr'>ipsa</span> 
     </span>
     <span class='ocr_line' id='line_1_25' title="bbox 394 3128 2744 3215; baseline -0.003 -19"><span class='ocrx_word' id='word_1_187' title='bbox 394 3133 637 3215; x_wconf 91' lang='lat' dir='ltr'>primus</span> <span class='ocrx_word' id='word_1_188' title='bbox 692 3139 885 3215; x_wconf 89' lang='lat' dir='ltr'>poeta</span> <span class='ocrx_word' id='word_1_189' title='bbox 938 3133 1261 3198; x_wconf 86' lang='lat' dir='ltr'>laureatus</span> <span class='ocrx_word' id='word_1_190' title='bbox 1305 3139 1553 3198; x_wconf 89' lang='lat' dir='ltr'>creatus</span> <span class='ocrx_word' id='word_1_191' title='bbox 1599 3139 1694 3197; x_wconf 90' lang='lat' dir='ltr'>est</span> <span class='ocrx_word' id='word_1_192' title='bbox 1739 3131 2069 3196; x_wconf 90' lang='lat' dir='ltr'>Conradus</span> <span class='ocrx_word' id='word_1_193' title='bbox 2114 3128 2311 3193; x_wconf 89' lang='lat' dir='ltr'>Celtis</span> <span class='ocrx_word' id='word_1_194' title='bbox 2355 3128 2684 3192; x_wconf 88' lang='lat' dir='ltr'>Protucius</span> <span class='ocrx_word' id='word_1_195' title='bbox 2699 3128 2744 3203; x_wconf 80' lang='lat'>²)</span> 
     </span>
     <span class='ocr_line' id='line_1_26' title="bbox 396 3229 2750 3317; baseline -0.003 -19"><span class='ocrx_word' id='word_1_196' title='bbox 396 3233 474 3298; x_wconf 91' lang='lat' dir='ltr'>A.</span> <span class='ocrx_word' id='word_1_197' title='bbox 506 3232 1156 3298; x_wconf 86' lang='lat' dir='ltr'>MCCCCLXXXXI.</span> <span class='ocrx_word' id='word_1_198' title='bbox 1215 3235 1574 3299; x_wconf 87' lang='lat' dir='ltr'>Fridericus</span> <span class='ocrx_word' id='word_1_199' title='bbox 1606 3234 1776 3299; x_wconf 90' lang='lat' dir='ltr'>enim</span> <span class='ocrx_word' id='word_1_200' title='bbox 1806 3233 2097 3317; x_wconf 90' lang='lat' dir='ltr'>Sapiens,</span> <span class='ocrx_word' id='word_1_201' title='bbox 2140 3229 2461 3296; x_wconf 82' lang='lat' dir='ltr'>Saxoniae</span> <span class='ocrx_word' id='word_1_202' title='bbox 2491 3230 2750 3294; x_wconf 88' lang='lat' dir='ltr'>Elector</span> 
     </span>
     <span class='ocr_line' id='line_1_27' title="bbox 397 3330 2748 3418; baseline -0.002 -19"><span class='ocrx_word' id='word_1_203' title='bbox 397 3334 485 3399; x_wconf 91' lang='lat' dir='ltr'>ad</span> <span class='ocrx_word' id='word_1_204' title='bbox 556 3335 824 3400; x_wconf 86' lang='lat' dir='ltr'>Comitia</span> <span class='ocrx_word' id='word_1_205' title='bbox 895 3336 1460 3418; x_wconf 84' lang='lat' dir='ltr'>Norimbergensia</span> <span class='ocrx_word' id='word_1_206' title='bbox 1532 3357 1745 3401; x_wconf 90' lang='lat' dir='ltr'>secum</span> <span class='ocrx_word' id='word_1_207' title='bbox 1821 3336 2087 3400; x_wconf 84' lang='lat' dir='ltr'>duxerat</span> <span class='ocrx_word' id='word_1_208' title='bbox 2145 3332 2420 3412; x_wconf 89' lang='lat' dir='ltr'>Celtem,</span> <span class='ocrx_word' id='word_1_209' title='bbox 2495 3330 2748 3414; x_wconf 88' lang='lat' dir='ltr'>ipsique</span> 
     </span>
    </p>
   </div>
   <div class='ocr_carea' id='block_1_4' title="bbox 396 3431 2750 3622">
    <p class='ocr_par' dir='ltr' id='par_1_5' title="bbox 396 3431 2750 3622">
     <span class='ocr_line' id='line_1_28' title="bbox 397 3431 2750 3521; baseline -0.002 -21"><span class='ocrx_word' id='word_1_210' title='bbox 397 3437 775 3520; x_wconf 85' lang='lat' dir='ltr'>Imperatori</span> <span class='ocrx_word' id='word_1_211' title='bbox 818 3444 1035 3502; x_wconf 89' lang='lat' dir='ltr'>auctor</span> <span class='ocrx_word' id='word_1_212' title='bbox 1077 3437 1212 3519; x_wconf 81' lang='lat' dir='ltr'>fuit,</span> <span class='ocrx_word' id='word_1_213' title='bbox 1258 3445 1327 3502; x_wconf 91' lang='lat' dir='ltr'>ut</span> <span class='ocrx_word' id='word_1_214' title='bbox 1369 3440 1715 3503; x_wconf 84' lang='lat' dir='ltr'>maximum</span> <span class='ocrx_word' id='word_1_215' title='bbox 1758 3438 2076 3521; x_wconf 89' lang='lat' dir='ltr'>poeticum</span> <span class='ocrx_word' id='word_1_216' title='bbox 2118 3436 2425 3500; x_wconf 89' lang='lat' dir='ltr'>honorem</span> <span class='ocrx_word' id='word_1_217' title='bbox 2471 3433 2530 3498; x_wconf 93' lang='lat' dir='ltr'>ei</span> <span class='ocrx_word' id='word_1_218' title='bbox 2574 3431 2750 3496; x_wconf 89' lang='lat' dir='ltr'>attri-</span> 
     </span>
     <span class='ocr_line' id='line_1_29' title="bbox 396 3533 2749 3622; baseline -0.003 -18"><span class='ocrx_word' id='word_1_219' title='bbox 396 3539 640 3604; x_wconf 90' lang='lat' dir='ltr'>bueret.</span> <span class='ocrx_word' id='word_1_220' title='bbox 706 3540 939 3604; x_wconf 89' lang='lat' dir='ltr'>Postea</span> <span class='ocrx_word' id='word_1_221' title='bbox 982 3539 1454 3605; x_wconf 87' lang='lat' dir='ltr'>Maximilianus</span> <span class='ocrx_word' id='word_1_222' title='bbox 1499 3542 1548 3622; x_wconf 97' lang='lat' dir='ltr'>I,</span> <span class='ocrx_word' id='word_1_223' title='bbox 1595 3539 1906 3605; x_wconf 86' lang='lat' dir='ltr'>Friderici</span> <span class='ocrx_word' id='word_1_224' title='bbox 1949 3537 2113 3602; x_wconf 91' lang='lat' dir='ltr'>filius</span> <span class='ocrx_word' id='word_1_225' title='bbox 2119 3587 2133 3619; x_wconf 93' lang='lat'>,</span> <span class='ocrx_word' id='word_1_226' title='bbox 2180 3537 2256 3601; x_wconf 91' lang='lat' dir='ltr'>A.</span> <span class='ocrx_word' id='word_1_227' title='bbox 2302 3535 2465 3600; x_wconf 92' lang='lat' dir='ltr'>MDI</span> <span class='ocrx_word' id='word_1_228' title='bbox 2509 3533 2749 3598; x_wconf 90' lang='lat' dir='ltr'>Vindo-</span> 
     </span>
    </p>
   </div>
   <div class='ocr_carea' id='block_1_5' title="bbox 398 3769 2753 4267">
    <p class='ocr_par' dir='ltr' id='par_1_6' title="bbox 398 3769 2753 4267">
     <span class='ocr_line' id='line_1_30' title="bbox 535 3769 2750 3842; baseline -0.002 -16"><span class='ocrx_word' id='word_1_229' title='bbox 535 3775 570 3838; x_wconf 89' lang='lat'>¹)</span> <span class='ocrx_word' id='word_1_230' title='bbox 613 3774 786 3842; x_wconf 75' lang='lat' dir='ltr'>Geory.</span> <span class='ocrx_word' id='word_1_231' title='bbox 825 3775 1066 3827; x_wconf 79' lang='lat' dir='ltr'>Schubert</span> <span class='ocrx_word' id='word_1_232' title='bbox 1113 3777 1172 3825; x_wconf 85' lang='lat' dir='ltr'>de</span> <span class='ocrx_word' id='word_1_233' title='bbox 1221 3775 1490 3825; x_wconf 81' lang='lat' dir='ltr'>comitibus</span> <span class='ocrx_word' id='word_1_234' title='bbox 1527 3775 1777 3826; x_wconf 81' lang='lat' dir='ltr'>Palatinis</span> <span class='ocrx_word' id='word_1_235' title='bbox 1826 3774 2098 3824; x_wconf 82' lang='lat' dir='ltr'>Caesareis.</span> <span class='ocrx_word' id='word_1_236' title='bbox 2146 3773 2275 3823; x_wconf 83' lang='lat' dir='ltr'>Jena</span> <span class='ocrx_word' id='word_1_237' title='bbox 2328 3773 2471 3823; x_wconf 80' lang='lat'>1678.</span> <span class='ocrx_word' id='word_1_238' title='bbox 2525 3769 2750 3822; x_wconf 80' lang='lat' dir='ltr'>Meiners</span> 
     </span>
     <span class='ocr_line' id='line_1_31' title="bbox 398 3855 2748 3924; baseline -0.003 -14"><span class='ocrx_word' id='word_1_239' title='bbox 398 3860 701 3910; x_wconf 85' lang='lat' dir='ltr'>Geschichte</span> <span class='ocrx_word' id='word_1_240' title='bbox 737 3860 784 3909; x_wconf 92' lang='lat' dir='ltr'>d.</span> <span class='ocrx_word' id='word_1_241' title='bbox 821 3861 988 3911; x_wconf 89' lang='lat' dir='ltr'>hohen</span> <span class='ocrx_word' id='word_1_242' title='bbox 1025 3861 1256 3911; x_wconf 83' lang='lat' dir='ltr'>Schulen.</span> <span class='ocrx_word' id='word_1_243' title='bbox 1295 3861 1363 3911; x_wconf 90' lang='grc' dir='ltr'>ΙΙ.</span> <span class='ocrx_word' id='word_1_244' title='bbox 1400 3877 1449 3924; x_wconf 90' lang='lat' dir='ltr'>p.</span> <span class='ocrx_word' id='word_1_245' title='bbox 1488 3863 1600 3913; x_wconf 86' lang='lat'>326.</span> <span class='ocrx_word' id='word_1_246' title='bbox 1735 3859 1776 3924; x_wconf 76' lang='lat'>⁸)</span> <span class='ocrx_word' id='word_1_247' title='bbox 1818 3858 1978 3921; x_wconf 79' lang='lat' dir='ltr'>Celtis,</span> <span class='ocrx_word' id='word_1_248' title='bbox 2013 3858 2194 3908; x_wconf 87' lang='lat' dir='ltr'>ultima</span> <span class='ocrx_word' id='word_1_249' title='bbox 2230 3856 2388 3918; x_wconf 85' lang='lat' dir='ltr'>brevi,</span> <span class='ocrx_word' id='word_1_250' title='bbox 2424 3855 2532 3905; x_wconf 88' lang='lat' dir='ltr'>eius</span> <span class='ocrx_word' id='word_1_251' title='bbox 2566 3871 2748 3905; x_wconf 89' lang='lat' dir='ltr'>nomen</span> 
     </span>
     <span class='ocr_line' id='line_1_32' title="bbox 400 3939 2749 4011; baseline -0.003 -16"><span class='ocrx_word' id='word_1_252' title='bbox 400 3950 522 4007; x_wconf 86' lang='lat' dir='ltr'>erat,</span> <span class='ocrx_word' id='word_1_253' title='bbox 559 3963 661 3996; x_wconf 90' lang='lat' dir='ltr'>non</span> <span class='ocrx_word' id='word_1_254' title='bbox 680 3944 861 3994; x_wconf 86' lang='lat' dir='ltr'>Celtes.</span> <span class='ocrx_word' id='word_1_255' title='bbox 913 3945 1181 3995; x_wconf 88' lang='lat' dir='ltr'>Protucius</span> <span class='ocrx_word' id='word_1_256' title='bbox 1218 3945 1340 4010; x_wconf 91' lang='lat' dir='ltr'>quid</span> <span class='ocrx_word' id='word_1_257' title='bbox 1376 3946 1628 4011; x_wconf 87' lang='lat' dir='ltr'>significet</span> <span class='ocrx_word' id='word_1_258' title='bbox 1663 3941 1813 3995; x_wconf 89' lang='lat' dir='ltr'>multi</span> <span class='ocrx_word' id='word_1_259' title='bbox 1848 3944 2076 3994; x_wconf 88' lang='lat' dir='ltr'>divinare</span> <span class='ocrx_word' id='word_1_260' title='bbox 2113 3942 2285 3992; x_wconf 84' lang='lat' dir='ltr'>conati</span> <span class='ocrx_word' id='word_1_261' title='bbox 2320 3944 2453 3990; x_wconf 85' lang='lat' dir='ltr'>sunt.</span> <span class='ocrx_word' id='word_1_262' title='bbox 2509 3939 2749 4003; x_wconf 85' lang='lat' dir='ltr'>Apatria</span> 
     </span>
     <span class='ocr_line' id='line_1_33' title="bbox 400 4024 2743 4094; baseline -0.003 -14"><span class='ocrx_word' id='word_1_263' title='bbox 400 4047 453 4081; x_wconf 89' lang='lat' dir='ltr'>se</span> <span class='ocrx_word' id='word_1_264' title='bbox 501 4031 577 4080; x_wconf 85' lang='lat' dir='ltr'>sic</span> <span class='ocrx_word' id='word_1_265' title='bbox 624 4030 811 4080; x_wconf 81' lang='lat' dir='ltr'>dixisse</span> <span class='ocrx_word' id='word_1_266' title='bbox 859 4029 1047 4080; x_wconf 88' lang='lat' dir='ltr'>Celtem</span> <span class='ocrx_word' id='word_1_267' title='bbox 1096 4047 1195 4080; x_wconf 93' lang='lat' dir='ltr'>non</span> <span class='ocrx_word' id='word_1_268' title='bbox 1244 4035 1320 4080; x_wconf 91' lang='lat' dir='ltr'>est</span> <span class='ocrx_word' id='word_1_269' title='bbox 1366 4030 1664 4091; x_wconf 83' lang='lat' dir='ltr'>verisimile3</span> <span class='ocrx_word' id='word_1_270' title='bbox 1724 4030 1835 4094; x_wconf 86' lang='lat' dir='ltr'>ipse</span> <span class='ocrx_word' id='word_1_271' title='bbox 1881 4034 2048 4079; x_wconf 89' lang='lat' dir='ltr'>tamen</span> <span class='ocrx_word' id='word_1_272' title='bbox 2094 4026 2293 4077; x_wconf 81' lang='lat' dir='ltr'>videtur</span> <span class='ocrx_word' id='word_1_273' title='bbox 2327 4025 2654 4091; x_wconf 79' lang='grc' dir='ltr'><em>πρωτοῦχον</em></span> <span class='ocrx_word' id='word_1_274' title='bbox 2691 4024 2743 4072; x_wconf 91' lang='lat' dir='ltr'>in</span> 
     </span>
     <span class='ocr_line' id='line_1_34' title="bbox 401 4107 2753 4180; baseline -0.004 -15"><span class='ocrx_word' id='word_1_275' title='bbox 401 4116 571 4165; x_wconf 87' lang='lat' dir='ltr'>animo</span> <span class='ocrx_word' id='word_1_276' title='bbox 606 4115 868 4177; x_wconf 86' lang='lat' dir='ltr'>habuisse,</span> <span class='ocrx_word' id='word_1_277' title='bbox 917 4116 1011 4165; x_wconf 88' lang='lat' dir='ltr'>hoc</span> <span class='ocrx_word' id='word_1_278' title='bbox 1046 4120 1106 4165; x_wconf 89' lang='lat' dir='ltr'>ut</span> <span class='ocrx_word' id='word_1_279' title='bbox 1140 4116 1441 4180; x_wconf 82' lang='lat' dir='ltr'>dignitatem</span> <span class='ocrx_word' id='word_1_280' title='bbox 1478 4131 1616 4165; x_wconf 89' lang='lat' dir='ltr'>suam</span> <span class='ocrx_word' id='word_1_281' title='bbox 1654 4130 1804 4180; x_wconf 87' lang='lat' dir='ltr'>quam</span> <span class='ocrx_word' id='word_1_282' title='bbox 1839 4130 1869 4164; x_wconf 90' lang='lat' dir='ltr'>a</span> <span class='ocrx_word' id='word_1_283' title='bbox 1905 4114 2116 4164; x_wconf 83' lang='lat' dir='ltr'>Caesare</span> <span class='ocrx_word' id='word_1_284' title='bbox 2151 4117 2333 4163; x_wconf 86' lang='lat' dir='ltr'>nactus</span> <span class='ocrx_word' id='word_1_285' title='bbox 2370 4113 2506 4171; x_wconf 87' lang='lat' dir='ltr'>erat,</span> <span class='ocrx_word' id='word_1_286' title='bbox 2555 4107 2753 4173; x_wconf 86' lang='lat' dir='ltr'>signifi-</span> 
     </span>
     <span class='ocr_line' id='line_1_35' title="bbox 402 4193 2750 4267; baseline -0.003 -17"><span class='ocrx_word' id='word_1_287' title='bbox 402 4205 554 4251; x_wconf 84' lang='lat' dir='ltr'>caret.</span> <span class='ocrx_word' id='word_1_288' title='bbox 626 4199 772 4250; x_wconf 87' lang='lat' dir='ltr'>Certe</span> <span class='ocrx_word' id='word_1_289' title='bbox 820 4200 1124 4266; x_wconf 80' lang='lat' dir='ltr'>etymologia</span> <span class='ocrx_word' id='word_1_290' title='bbox 1170 4217 1320 4265; x_wconf 89' lang='lat' dir='ltr'>quam</span> <span class='ocrx_word' id='word_1_291' title='bbox 1366 4201 1636 4267; x_wconf 83' lang='lat' dir='ltr'>proposuit</span> <span class='ocrx_word' id='word_1_292' title='bbox 1670 4200 1992 4266; x_wconf 83' lang='lat' dir='ltr'>Kluepselius</span> <span class='ocrx_word' id='word_1_293' title='bbox 2042 4199 2098 4249; x_wconf 89' lang='lat' dir='ltr'>in</span> <span class='ocrx_word' id='word_1_294' title='bbox 2145 4198 2252 4247; x_wconf 78' lang='lat' dir='ltr'>vita</span> <span class='ocrx_word' id='word_1_295' title='bbox 2288 4194 2445 4245; x_wconf 86' lang='lat' dir='ltr'>Celtis</span> <span class='ocrx_word' id='word_1_296' title='bbox 2482 4210 2510 4245; x_wconf 87' lang='lat' dir='ltr'>a</span> <span class='ocrx_word' id='word_1_297' title='bbox 2546 4193 2750 4243; x_wconf 85' lang='lat' dir='ltr'>nemine</span> 
     </span>
    </p>
   </div>
   <div class='ocr_carea' id='block_1_6' title="bbox 402 4277 2757 4421">
    <p class='ocr_par' dir='ltr' id='par_1_7' title="bbox 402 4277 2757 4421">
     <span class='ocr_line' id='line_1_36' title="bbox 402 4277 2757 4351; baseline -0.002 -18"><span class='ocrx_word' id='word_1_298' title='bbox 402 4284 707 4334; x_wconf 81' lang='lat' dir='ltr'>laudabitur.</span> <span class='ocrx_word' id='word_1_299' title='bbox 778 4285 954 4348; x_wconf 84' lang='lat' dir='ltr'>Neque</span> <span class='ocrx_word' id='word_1_300' title='bbox 992 4285 1323 4336; x_wconf 88' lang='lat' dir='ltr'>demonstrari</span> <span class='ocrx_word' id='word_1_301' title='bbox 1359 4290 1527 4351; x_wconf 87' lang='lat' dir='ltr'>potest</span> <span class='ocrx_word' id='word_1_302' title='bbox 1562 4287 1661 4336; x_wconf 82' lang='lat' dir='ltr'>iam</span> <span class='ocrx_word' id='word_1_303' title='bbox 1697 4289 1816 4335; x_wconf 89' lang='lat' dir='ltr'>ante</span> <span class='ocrx_word' id='word_1_304' title='bbox 1851 4287 1908 4334; x_wconf 87' lang='lat' dir='ltr'>A.</span> <span class='ocrx_word' id='word_1_305' title='bbox 1931 4277 2424 4336; x_wconf 84' lang='lat' dir='ltr'>MCCCCLXXXXI</span> <span class='ocrx_word' id='word_1_306' title='bbox 2454 4279 2526 4329; x_wconf 85' lang='lat' dir='ltr'>sic</span> <span class='ocrx_word' id='word_1_307' title='bbox 2559 4278 2757 4329; x_wconf 87' lang='lat' dir='ltr'>Celtem</span> 
     </span>
     <span class='ocr_line' id='line_1_37' title="bbox 404 4369 890 4421; baseline 0.002 -1"><span class='ocrx_word' id='word_1_308' title='bbox 404 4386 456 4420; x_wconf 86' lang='lat' dir='ltr'>se</span> <span class='ocrx_word' id='word_1_309' title='bbox 492 4370 679 4420; x_wconf 85' lang='lat' dir='ltr'>dixisse</span> <span class='ocrx_word' id='word_1_310' title='bbox 715 4369 890 4421; x_wconf 87' lang='lat' dir='ltr'>latine.</span> 
     </span>
    </p>
   </div>
   <div class='ocr_carea' id='block_1_7' title="bbox 506 4462 2338 4516">
    <p class='ocr_par' dir='ltr' id='par_1_8' title="bbox 506 4462 2338 4516">
     <span class='ocr_line' id='line_1_38' title="bbox 506 4462 2338 4516; baseline 0.005 -14"><span class='ocrx_word' id='word_1_311' title='bbox 506 4462 786 4503; x_wconf 64' lang='lat' dir='ltr'>Gom-&#39;ruma</span> <span class='ocrx_word' id='word_1_312' title='bbox 800 4493 811 4511; x_wconf 87' lang='lat'>,</span> <span class='ocrx_word' id='word_1_313' title='bbox 837 4464 1053 4516; x_wconf 78' lang='lat' dir='ltr'>opuscula.</span> <span class='ocrx_word' id='word_1_314' title='bbox 2310 4462 2338 4512; x_wconf 83' lang='lat'><strong>2</strong></span> 
     </span>
    </p>
   </div>
  </div>
 </body>
</html>
