3499 5219
1304 408 1873 469 —123—

407 581 477 640 et
520 575 720 657 lyrico
770 593 959 641 nemo
1019 576 1365 659 dubitavit;
1426 577 1541 642 sed
1599 597 1963 659 quanquam
2023 577 2104 643 de
2165 576 2513 642 dramatico
2570 578 2756 642 multi

412 675 668 742 fuerunt
697 678 805 759 qui
833 678 1112 761 iniquius
1140 677 1513 759 iudicarent,
1545 678 1716 760 quod
1741 680 1999 760 regulis,
2026 679 2108 743 ab
2124 679 2485 762 Aristotele,
2511 700 2755 747 summo

421 777 837 862 philosopho,
906 778 1270 862 descriptis,
1344 786 1546 845 totum
1602 781 1723 845 hoc
1784 780 2172 846 dramaticae
2228 801 2497 864 poeseos
2553 803 2757 866 genus

407 880 595 962 quasi
639 886 971 945 enecatum
1014 881 1107 945 ita
1148 888 1464 964 putarent,
1511 889 1580 946 ut
1607 882 1690 946 ab
1720 882 1942 948 inferis
1970 885 2257 948 revocari
2301 883 2626 951 debuisset
2670 885 2754 950 ab

412 980 736 1066 Aeschylo
781 982 1265 1064 Britannorum,
1315 1003 1400 1049 ne
1454 979 1658 1049 hilum
1715 984 1974 1068 quidem
2030 985 2187 1051 istas
2242 987 2423 1068 leges
2474 993 2754 1068 curante,

405 1090 630 1150 tamen
675 1083 756 1149 de
798 1091 934 1149 tota
976 1085 1100 1149 hac
1141 1106 1212 1151 re
1252 1086 1344 1150 ita
1387 1087 1624 1166 sentio,
1682 1092 1753 1150 ut
1804 1105 1936 1151 non
1991 1088 2148 1152 satis
2200 1088 2602 1154 intellexisse
2644 1108 2755 1154 eos

406 1186 680 1251 arbitrer
735 1187 1095 1252 Aristotelis
1153 1188 1408 1270 placita.
1510 1188 1680 1252 Nam
1738 1187 1908 1269 quod
1979 1208 2200 1255 omnes
2271 1190 2753 1271 contenderunt,

409 1287 822 1353 Aristotelem
892 1295 1199 1371 tanquam
1270 1309 1585 1353 summum
1657 1287 1847 1353 finem
1918 1289 2289 1372 tragoediae
2351 1291 2757 1374 proposuisse

410 1390 630 1454 nescio
659 1410 847 1472 quam
877 1392 1328 1456 correctionem
1358 1398 1469 1455 aut
1495 1390 1956 1476 mitigationem
1985 1393 2530 1475 perturbationum
2559 1393 2756 1458 animi

410 1495 676 1558 humani
719 1501 912 1576 atque
951 1494 1042 1558 ita
1082 1495 1278 1578 plane
1318 1493 1580 1558 humum
1622 1495 2042 1576 prostravisse
2071 1495 2314 1577 poesin,
2361 1496 2531 1577 quod
2564 1494 2755 1561 finem

407 1605 775 1677 externum,
834 1617 965 1661 non
1020 1598 1089 1661 in
1143 1597 1287 1679 ipsa
1342 1596 1522 1679 poesi
1575 1595 2035 1660 inveniendum
2090 1604 2536 1680 monstrasset,
2600 1600 2756 1664 satis

406 1700 640 1783 probat
693 1719 824 1763 non
878 1699 971 1763 ita
1025 1718 1135 1764 eos
1189 1698 1425 1781 legisse
1480 1697 1920 1778 Aristotelem,
1995 1705 2065 1762 ut
2137 1698 2406 1764 decebat
2477 1720 2587 1766 eos
2648 1702 2756 1782 qui

407 1808 635 1866 taxare
664 1801 988 1884 egregium
1017 1800 1389 1881 magistrum
1419 1801 1681 1865 vellent.
1755 1800 1890 1864 Ista
1921 1801 2092 1865 enim
2119 1802 2363 1884 tragica
2391 1799 2753 1886 κάθαρσις,

408 1923 578 1986 quae
619 1904 822 1967 multa
865 1909 961 1968 est
1003 1902 1071 1966 in
1116 1902 1330 1967 oribus
1373 1901 1720 1982 hominum,
1766 1922 1897 1966 non
1942 1904 2220 1984 pertinet
2250 1902 2336 1967 ad
2366 1910 2755 1985 spectatores

407 2025 525 2071 seu
566 2006 869 2085 lectores,
926 2004 1042 2071 sed
1097 2003 1183 2068 ad
1235 2004 1444 2086 ipsam
1489 2003 1924 2069 oeconomiam
1968 2005 2467 2087 tragoediarum,
2527 2005 2754 2087 quibus

408 2108 622 2173 inesse
677 2106 912 2173 debere
966 2106 1245 2187 aliquam
1304 2105 1733 2190 expiationem
1777 2124 1891 2170 seu
1932 2107 2512 2172 reconciliationem
2557 2107 2756 2172 homi-

407 2230 563 2274 num
606 2229 750 2275 cum
792 2209 1085 2273 fortunae
1126 2208 1509 2273 necessitate
1552 2207 1808 2273 doceret
1864 2215 1928 2272 et
1982 2228 2227 2273 summo
2284 2209 2422 2274 iure
2477 2208 2753 2288 doceret.

409 2312 784 2377 Aristoteles
826 2311 1017 2394 igitur
1059 2309 1411 2375 secundum
1454 2329 1634 2375 suam
1682 2309 2037 2375 doctrinam
2081 2317 2145 2376 et
2186 2312 2429 2394 optima
2463 2330 2756 2394 quaeque

405 2414 829 2481 recentiorum
893 2419 1226 2496 poetarum
1284 2410 1576 2476 dramata
1633 2412 2152 2495 approbavisset,
2225 2412 2539 2494 facileque
2610 2433 2754 2478 con-

408 2516 667 2582 vicisset
708 2516 819 2597 iis,
879 2535 1045 2597 quae
1087 2535 1202 2598 pro
1245 2521 1476 2579 natura
1518 2513 1739 2597 populi
1785 2515 1882 2580 sui
1925 2513 2299 2596 patriaeque
2342 2535 2498 2580 suae
2540 2535 2755 2581 recen-

403 2618 602 2685 tiores
646 2625 876 2702 poetae
919 2618 1130 2684 solent
1172 2617 1470 2683 adiicere.
1498 2651 1586 2663 —
1619 2617 1826 2700 Pergo
1855 2617 1942 2682 ad
1971 2619 2216 2680 litteras
2245 2624 2436 2701 atque
2464 2619 2754 2701 inprimis

409 2720 496 2786 ad
539 2721 1044 2804 philosophiam,
1104 2720 1281 2785 cuius
1330 2717 1753 2784 fundamenta
1793 2718 2019 2786 iecisse
2064 2720 2349 2786 eiusdem
2394 2721 2754 2787 Aristotelis

406 2822 775 2889 herculeum
833 2828 896 2888 et
953 2822 1167 2886 omnia
1221 2821 1653 2904 complectens
1704 2821 2034 2904 ingenium
2087 2842 2276 2888 nemo
2327 2822 2517 2888 facile
2559 2842 2754 2905 nega-

407 2925 603 3006 verit,
663 2945 853 3007 quum
909 2925 1015 2990 vel
1073 2922 1285 2990 medio
1343 2943 1504 2990 aevo
1563 2944 1692 2988 non
1740 2925 1946 2989 solum
1990 2924 2218 3008 Italos,
2283 2924 2537 3006 Gallos,
2600 2925 2754 2990 Ger-

407 3046 654 3108 manos,
685 3026 1009 3108 Hispanos
1039 3026 1412 3091 excitaverit
1439 3025 1524 3090 ad
1556 3026 2049 3108 philosophiam,
2097 3026 2213 3092 sed
2244 3026 2437 3093 etiam
2467 3027 2751 3091 Arabum

407 3128 670 3212 ingenia
711 3129 802 3193 ita
843 3126 1363 3209 inflammaverit,
1423 3135 1492 3193 ut
1545 3128 1681 3194 eius
1739 3128 1976 3210 scripta
2023 3148 2154 3191 non
2198 3128 2403 3193 solum
2446 3130 2754 3211 interpre-

405 3237 694 3296 tarentur
734 3228 1023 3312 arabice,
1068 3229 1185 3295 sed
1226 3229 1351 3313 ipsi
1395 3229 1559 3295 adeo
1603 3229 2045 3313 philosophari
2085 3230 2471 3313 inciperent,
2515 3231 2754 3297 Aristo-

405 3333 648 3414 telique
688 3331 758 3396 id
802 3330 1138 3413 contigerit
1179 3330 1353 3413 quod
1391 3332 1555 3396 nulli
1597 3331 2155 3414 philosophorum,
2200 3337 2269 3396 ut
2312 3338 2375 3397 et
2416 3352 2753 3414 cognosce-

409 3440 582 3500 retur
651 3434 735 3498 ab
796 3431 1057 3499 Oriente
1114 3439 1178 3499 et
1235 3439 1542 3515 tanquam
1599 3453 1749 3498 suus
1808 3433 2169 3499 haberetur.
2279 3435 2379 3500 De
2449 3434 2752 3516 reliqz‘one

406 3534 672 3601 tandem
713 3540 1001 3601 veterum
1046 3556 1239 3618 quum
1285 3534 1448 3617 dioc,
1492 3535 1844 3601 verendum
1886 3536 2022 3617 erit,
2069 3536 2122 3601 si
2165 3534 2443 3618 laudem,
2487 3556 2571 3602 ne
2611 3537 2752 3619 ipse

409 3637 635 3703 videar
676 3637 889 3703 labem
933 3637 1327 3703 contraxisse
1371 3657 1452 3703 ex
1495 3636 1834 3719 multiplici
1875 3637 2254 3703 tractatione
2295 3637 2750 3721 mythologiac.

407 3740 657 3805 Tamen
697 3738 1000 3821 laudabo,
1058 3739 1174 3806 sed
1216 3759 1348 3803 non
1392 3745 1652 3822 propter
1696 3739 1990 3820 ethicam,
2038 3758 2202 3820 quae
2243 3739 2397 3804 insit
2436 3739 2588 3821 vim,
2635 3737 2751 3805 sed

407 3847 671 3924 propter
739 3841 1072 3923 poeticam.
1172 3842 1339 3907 Nam
1402 3841 1564 3906 haec
1618 3841 2014 3925 mythologia
2071 3841 2485 3923 Graecorum,
2561 3861 2750 3923 quam

407 3944 455 4009 ii
497 3950 746 4009 tantum
786 3941 1017 4024 rident,
1064 3943 1172 4025 qui
1214 3942 1654 4008 incredibilem
1696 3963 1829 4007 non
1871 3949 2105 4007 norunt
2148 3943 2542 4026 voluptatem
2584 3960 2750 4023 quae

405 4045 561 4110 inde
604 4051 871 4126 creatur,
915 4045 1334 4112 inexhaustus
1378 4051 1475 4112 est
1516 4045 1660 4110 fons
1703 4044 1958 4127 poesios
2005 4051 2069 4110 et
2112 4044 2490 4128 omnigenae
2526 4043 2750 4109 doctri-

408 4168 564 4228 nae,
622 4153 755 4212 tam
795 4147 1066 4230 limpida
1108 4147 1429 4231 profluens
1473 4147 1811 4230 allegoria,
1856 4153 1925 4211 ut
1967 4147 2279 4212 rationem
2322 4147 2557 4212 excitet
2598 4143 2748 4208 dum
2791 4187 2795 4192 «

404 4249 656 4315 animus
713 4249 1096 4332 delectatur,
1158 4256 1465 4331 tantoque
1525 4268 1719 4333 opere
1777 4247 2145 4331 discrepans
2203 4268 2244 4313 a
2296 4248 2486 4313 luteis
2529 4246 2750 4330 mysti-

403 4370 625 4417 carum
680 4351 1061 4435 religionum
1118 4351 1393 4435 stagnis,
1453 4352 1562 4416 vix
1617 4357 1687 4416 ut
1744 4350 2046 4417 credituri
2103 4351 2231 4416 sint
2286 4348 2557 4434 posteri,
2616 4354 2748 4412 tam
