3499 5219
1243 443 1813 505 ——165-—-

348 606 528 671 Frid.
588 606 733 672 Chr.
786 607 1312 675 Schlosserus
1370 609 1638 691 (Dante,
1700 609 1971 674 Studien
2029 630 2090 692 p.
2139 612 2245 687 95)
2303 616 2367 674 et
2421 630 2562 674 cum
2622 630 2696 676 eo

350 708 487 775 We
501 710 770 791 gelius
814 709 966 773 olim
1010 718 1226 776 noster
1269 711 1442 790 (Vita
1483 710 1715 776 Dantis
1759 732 1821 794 p.
1868 713 2038 787 368).
2125 711 2291 775 Nam
2336 732 2527 792 quum
2561 712 2696 775 Vir-

350 810 544 892 gilius
574 812 736 876 Aen.
759 811 937 893 VIII,
985 816 1107 877 667
1153 812 1457 879 describit
1497 812 1773 896 clipeum
1817 832 1859 877 a
1889 813 2140 878 Venere
2185 813 2404 877 datum
2435 814 2697 880 Aeneae

350 912 455 977 his
499 913 694 977 etiam
737 912 950 977 verbis
994 913 1217 980 utitur:

1375 1064 1380 1075 -
1469 1033 1622 1093 Hinc
1665 1034 1876 1109 procul
1919 1034 2081 1094 addit

659 1118 978 1178 Tartareas
1022 1118 1195 1177 etiam
1238 1119 1427 1196 sedes,
1474 1119 1594 1178 alta
1636 1119 1788 1178 ostia
1828 1119 1982 1179 Ditis

663 1207 723 1262 et
764 1204 1054 1263 scelerum
1095 1221 1317 1279 poenas
1362 1207 1420 1263 et
1461 1207 1542 1281 te,
1587 1204 1859 1282 Catilina,
1902 1205 2113 1264 minaci

659 1289 1022 1347 Pendentem
1066 1289 1329 1365 scopulo,
1375 1289 1808 1363 Furiarumque
1853 1307 1959 1348 ora
2000 1294 2363 1369 trementem,

661 1373 1051 1450 Secretusque
1094 1374 1256 1449 pios:
1301 1373 1390 1432 his
1434 1373 1669 1432 dantem
1713 1374 1843 1433 iura
1888 1374 2182 1434 Catonem.

348 1522 420 1586 in
493 1524 722 1605 quibus
801 1523 1089 1587 Catonem
1175 1523 1512 1585 Vtz‘censem
1586 1523 2076 1606 intelligendum
2151 1543 2292 1588 esse
2362 1532 2696 1590 monuerat

347 1624 643 1707 Heynius
687 1646 827 1690 cum
871 1626 1034 1690 aliis.
1122 1625 1253 1690 Sed
1307 1625 1660 1690 rectissime
1716 1624 1845 1690 iam
1904 1625 2153 1691 dixerat
2208 1626 2467 1691 Servius
2525 1627 2695 1692 hunc

355 1723 648 1789 Catonem
703 1726 876 1809 apud
932 1727 1267 1809 Virgilium
1323 1747 1465 1792 esse
1526 1726 1882 1799 Censorem,
1944 1747 2130 1808 quem
2183 1721 2467 1810 maynum
2522 1728 2693 1794 idem

348 1827 657 1910 Virgilius
706 1830 1161 1911 pronunciarat
1205 1830 1389 1907 (Aen.
1436 1829 1545 1909 VI,
1593 1832 1784 1905 842).
1871 1828 2028 1908 Quis
2072 1829 2242 1894 enim
2285 1829 2494 1911 aptior
2534 1829 2695 1894 iudi-

348 1928 559 1993 cando
595 1930 788 1995 etiam
831 1931 1007 2014 apud
1048 1930 1284 1996 inferos
1327 1937 1465 1997 erat
1508 1951 1696 2012 quam
1740 1932 1815 2012 is,
1862 1931 1970 2011 qui
2001 1930 2242 1996 Censor
2271 1930 2494 2012 fuerat,
2542 1932 2693 1996 dum

349 2028 617 2112 viveret,
662 2031 940 2114 iurisque
985 2032 1453 2116 peritissimus?
1525 2031 1677 2102 (Cic.
1710 2039 1865 2096 orat.
1899 2032 2018 2113 III,
2053 2034 2201 2109 33.).
2274 2033 2361 2097 At
2389 2033 2692 2115 Virgilius

348 2131 458 2196 hic
500 2152 583 2198 ne
626 2135 831 2216 potuit
872 2135 1130 2215 quidem
1160 2135 1525 2200 Vticensem
1554 2152 2051 2199 commemorare
2078 2139 2382 2215 tanquam
2412 2135 2691 2200 Minoem

347 2234 706 2317 novicium,
764 2255 956 2316 quum
998 2236 1161 2301 Aen.
1207 2236 1317 2317 VI,
1364 2239 1508 2300 434.
1565 2255 1676 2300 663
1732 2236 1841 2318 qui
1896 2235 2020 2319 ipsi
2066 2238 2401 2319 proiecere
2456 2239 2692 2321 animas

348 2334 422 2400 in
466 2334 626 2401 Orco
681 2337 1019 2402 damnatos
1074 2356 1216 2402 esse
1270 2357 1311 2401 a
1353 2337 1567 2402 Minoe
1621 2336 1838 2419 fingat.
1925 2338 2114 2402 Nunc
2169 2337 2505 2400 Vticensem
2551 2338 2692 2402 iura

343 2439 475 2521 piis
518 2438 673 2503 dare
714 2437 974 2504 finxisse
1017 2439 1351 2521 Virgilium
1396 2438 1536 2520 quis
1580 2438 1848 2504 credat?
1934 2438 2318 2520 Vticensem,
2367 2440 2689 2504 inimicum

350 2537 423 2603 C.
482 2538 818 2605 Caesaris?
916 2539 1047 2606 Sed
1101 2541 1169 2604 in
1224 2541 1588 2606 universum
1644 2560 1903 2624 prorsus
1954 2539 2119 2605 facio
2176 2560 2318 2606 cum
2372 2541 2690 2606 Hofmano

347 2642 800 2726 Peerlkampio
846 2644 953 2726 qui
995 2643 1114 2708 hos
1155 2662 1378 2708 versus
1408 2643 1660 2725 Virgilii
1704 2644 1889 2722 (Aen.
1922 2642 2102 2726 VIII,
2148 2647 2531 2722 666—670.)
2576 2665 2689 2727 pro

347 2742 728 2810 adulterinis
772 2745 984 2810 habet.
1073 2745 1235 2810 Sunt
1277 2745 1445 2810 enim
1488 2745 1902 2829 ineptissimi3
1949 2744 2103 2828 quid
2145 2752 2241 2810 est
2285 2746 2454 2811 enim
2496 2745 2688 2812 illud:

347 2844 496 2908 hinc
531 2847 760 2929 procul
797 2844 1024 2910 addit?
1109 2846 1287 2910 Nihil
1331 2846 1454 2911 nisi
1498 2846 1845 2911 absurdum
1890 2848 2422 2931 supplementum.

523 2947 722 3029 Igitur
790 2947 930 3031 ipse
985 2948 1262 3029 Dantes,
1335 2967 1466 3012 non
1525 2948 1861 3031 Virgilium
1917 2955 2200 3031 secutus,
2276 2948 2391 3012 sed
2464 2957 2689 3031 suopte

348 3048 611 3113 arbitrio
675 3049 844 3113 hanc
901 3049 1166 3134 formam
1222 3055 1286 3114 et
1341 3050 1522 3132 quasi
1576 3049 1840 3132 figuram
1898 3049 2157 3114 Catonis
2210 3049 2528 3114 Vticensis
2585 3070 2689 3115 ex-

350 3151 687 3233 cogitavit,
764 3170 953 3234 quam
1026 3150 1240 3217 nescio
1312 3170 1398 3215 an
1468 3151 1690 3216 fuisset
1762 3158 2144 3232 mutaturus,
2218 3151 2272 3216 si
2326 3151 2431 3216 vel
2494 3172 2688 3215 unum

349 3253 754 3334 cognovisset
807 3272 1025 3319 eorum
1083 3252 1594 3336 opprobriorum,
1652 3254 1880 3337 quibus
1925 3253 1992 3318 G.
2039 3252 2279 3318 Caesar
2333 3253 2485 3316 olim
2545 3273 2689 3319 con-

347 3354 774 3419 taminaverat
815 3374 1025 3420 mores
1069 3353 1330 3419 Catonis
1375 3354 1711 3421 Vticensis.
1801 3354 1966 3421 Vide
2009 3357 2199 3436 enim,
2250 3361 2321 3418 ut
2361 3354 2483 3418 hoc
2525 3361 2685 3438 utar,

349 3462 656 3538 quantum
714 3454 905 3521 distet
960 3455 1264 3521 iudicium
1307 3457 1538 3522 Dantis
1584 3456 1666 3522 de
1708 3456 1949 3522 Marcia
1991 3458 2074 3522 ab
2118 3476 2195 3523 eo
2238 3455 2472 3522 iudicio
2517 3456 2687 3538 quod

349 3557 435 3623 de
493 3557 737 3622 Catone
792 3563 856 3622 et
909 3557 1149 3622 Marcia
1206 3557 1581 3639 coniugibus
1636 3559 2172 3640 pronunciaverat
2214 3557 2283 3623 O.
2331 3556 2568 3622 Caesar
2619 3558 2688 3622 in

347 3658 859 3725 Anticatonibus.
934 3659 1040 3724 Sic
1077 3659 1248 3724 enim
1278 3661 1526 3725 Dantes
1554 3660 1621 3723 in
1654 3658 1960 3724 Convictu
1988 3659 2098 3742 IV,
2131 3661 2231 3724 28.
2264 3678 2449 3741 quem
2477 3659 2687 3724 locum

346 3762 454 3826 hic
495 3760 859 3844 germanice
902 3760 1150 3844 profero
1194 3762 1571 3826 translatum
1615 3781 1656 3825 a
1697 3761 2245 3844 Kannegiessero:
2301 3761 2515 3825 Dante
2555 3762 2688 3826 Ali-

346 3863 605 3946 ghieri’s
659 3861 1026 3945 prosaische
1082 3862 1399 3928 Schriften
1455 3864 1531 3927 T.
1577 3863 1628 3927 I.
1684 3883 1749 3945 p.
1797 3866 1971 3944 257„
2038 3883 2228 3944 quum
2290 3862 2435 3945 ipsa
2485 3863 2688 3927 latina

346 3964 548 4030 verba
592 3970 822 4047 poetae
864 3964 1091 4029 afferre
1131 3984 1264 4029 non
1308 3963 1579 4047 possim:

521 4065 778 4147 „Durch
851 4065 1029 4130 diese
1099 4065 1338 4130 Marcia
1407 4063 1571 4131 wird
1643 4064 1751 4131 die
1824 4063 1969 4130 6(116
2038 4063 2225 4129 Seele
2294 4064 2684 4147 vorgestellt.

349 4167 591 4233 Marcia
645 4188 779 4232 war
832 4167 1171 4250 Jungfrau,
1246 4167 1380 4232 und
1432 4167 1501 4232 in
1559 4165 1803 4232 diesem
1859 4165 2183 4232 Zustande
2239 4165 2540 4231 bedeutet
2594 4165 2687 4230 sie

351 4267 458 4334 die
499 4267 789 4351 Jugend3
851 4268 1025 4333 dann
1068 4270 1223 4333 kam
1267 4268 1362 4334 sie
1403 4288 1481 4332 zu
1525 4266 1714 4350 Cato,
1772 4267 1903 4332 und
1957 4267 2024 4332 in
2076 4268 2318 4333 diesem
2361 4265 2687 4332 Zustande

351 4368 656 4436 bedeutet
698 4369 792 4435 sie
835 4368 952 4435 das
995 4370 1216 4436 zweite
1259 4369 1470 4454 Alter,
1514 4369 1608 4434 sie
1651 4370 1832 4435 hatte
1874 4367 2104 4434 darauf
2129 4367 2396 4449 Kinder,
2441 4368 2685 4433 welche
