3499 5219
1658 352 2228 419 -264—

782 522 884 588 ed.
930 522 1049 585 III.
1096 542 1159 605 p.
1205 526 1288 589 6⁷
1309 524 1490 602 sual:
1547 520 1854 585 Videmus
1896 519 1966 583 in
2008 519 2130 583 hoc
2172 518 2566 601 anaglypho,
2614 520 2807 600 longo
2852 516 3137 600 pollices.

781 625 876 689 rh.
925 623 1101 704 XVI,
1148 624 1280 689 alto
1322 643 1430 706 pp.
1477 622 1663 702 XIII,
1708 621 1916 705 ipsum
1973 628 2210 685 tectum
2255 620 2544 703 prothyri
2603 638 2716 684 seu
2772 619 2919 684 atrii
2977 639 3110 683 cum

782 725 1112 807 columnis,
1158 725 1418 790 heroem
1461 723 1873 789 recubantem
1928 722 1999 786 in
2040 722 2274 787 lectulo
2290 768 2308 803 ,
2370 727 2730 803 gestantem
2786 720 2856 784 in
2912 721 3112 803 capite

782 826 1083 908 modium,
1117 824 1522 891 simulacrum
1551 825 1917 905 inferorum,
1950 823 2179 888 dextra
2204 830 2529 888 tenentem
2558 822 2891 906 scyphum,
2936 823 3117 887 laeva

783 933 1096 1012 pateram,
1128 926 1454 991 libationis
1483 925 1739 1007 indicia,
1774 926 1861 990 ad
1889 925 2090 1009 pedes
2118 924 2338 990 lectuli
2358 944 2634 1006 anguem
2665 922 2884 1004 (λοξὸν
2916 921 3112 1007 ὄφιν),

785 1028 1279 1094 immortalitatis
1324 1029 1574 1110 signum
1590 1076 1606 1108 ,
1666 1047 1959 1093 mensam
2002 1046 2145 1092 cum
2199 1025 2485 1109 frugibus
2541 1027 2815 1109 aliisque
2871 1025 3115 1106 eduliis,

785 1130 1089 1197 feminam
1136 1135 1420 1209 (uxorem
1462 1129 1699 1207 herois)
1759 1128 2089 1196 sedentem
2143 1128 2213 1192 in
2258 1127 2484 1194 eodem
2542 1130 2775 1194 lectulo
2791 1176 2808 1211 ,
2867 1127 3121 1193 sinistra

787 1239 1145 1316 gestantem
1176 1233 1399 1297 cistam
1429 1251 1571 1295 cum
1599 1230 1984 1314 crepundiis,
2031 1251 2075 1295 a
2114 1230 2306 1296 laeva
2334 1230 2742 1296 sacrificaturi
2772 1250 2915 1296 cum
2945 1248 3121 1296 verre

789 1334 1144 1401 adveniunt
1171 1333 1256 1398 ad
1284 1353 1496 1416 aram;
1525 1332 1612 1397 ad
1643 1332 1933 1398 dextram
1964 1331 2348 1416 conspicitur
2366 1332 2533 1415 *puer
2562 1332 2870 1414 pincerna
2898 1330 3121 1395 nudus.

912 1460 915 1464 ·
958 1436 1036 1500 In
1092 1434 1413 1518 superiore
1480 1441 1664 1517 parte
1721 1435 1987 1519 parietis
2040 1434 2225 1517 quasi
2279 1453 2395 1516 per
2460 1433 2806 1499 fenestram
2859 1428 3125 1517 apparet

791 1537 938 1620 equi
981 1543 1194 1620 caput,
1239 1535 1410 1619 quod
1454 1542 1812 1618 equestrem
1871 1534 2159 1601 ordinem
2216 1534 2426 1600 herois
2478 1535 2547 1600 in
2608 1536 2922 1600 similibus
2978 1554 3122 1598 ana·

791 1638 1052 1723 glyphis
1096 1637 1455 1721 significare
1496 1644 1668 1702 recte
1712 1637 2012 1702 dixerunt
2055 1638 2129 1702 E.
2176 1636 2570 1701 Gerhardius
2614 1644 2677 1702 et
2718 1637 3123 1719 Welckerus3

792 1760 991 1822 equus
1033 1739 1283 1822 integer
1325 1740 1560 1805 lectulo
1604 1739 1817 1804 herois
1860 1738 2127 1804 adstans
2170 1739 2559 1821 conspicitur
2599 1739 2761 1804 Tab.
2794 1739 2912 1803 XI.
2957 1737 3127 1821 apud

790 1843 1103 1925 Zoegam3
1149 1847 1341 1923 atque
1384 1841 1551 1905 hanc
1595 1860 1736 1906 esse
1780 1839 2306 1924 significationem
2334 1841 2479 1922 equi
2521 1860 2677 1924 prae
2719 1839 2946 1905 ceteris
2988 1859 3130 1903 con-

793 1943 967 2009 cludi
1009 1948 1222 2027 potest
1265 1962 1346 2007 ex
1391 1942 1852 2026 epigrammate
1894 1942 2071 2026 apud
2112 1943 2439 2008 Pollucem
2484 1942 2661 2024 VIII,
2714 1946 2854 2007 131.
2893 1935 3128 2005 Ἀνθε-

792 2050 961 2126 μίων
995 2043 1064 2107 δὲ
1097 2038 1132 2106 ὃ
1162 2043 1456 2129 Διφίλου
1487 2042 1971 2122 καλλωπίζεται
2001 2037 2096 2108 δι’
2140 2040 2634 2126 ἐπιγράμματος
2680 2037 2786 2108 ὅτι
2832 2038 2971 2107 ἀπὸ
3012 2043 3124 2106 τοῦ

795 2146 1074 2230 θητικοῦ
1130 2142 1355 2220 τέλους
1412 2142 1505 2219 εἷς
1560 2140 1679 2231 τὴν
1738 2144 2008 2210 ἱππάδα
2061 2148 2371 2230 μετέστη,
2431 2149 2534 2233 καὶ
2598 2144 2784 2211 εἰκών
2843 2144 3018 2209 ἐστιν
3064 2143 3126 2207 ἐν

801 2239 1159 2328 ἀκροπόλει
1203 2245 1419 2323 ἵππος
1464 2242 1649 2326 ἀνδρὶ
1696 2245 2157 2332 παρεστηκώς·
2203 2244 2313 2311 καὶ
2354 2245 2430 2309 τὸ
2478 2246 2860 2330 ἐπίγραμμα

1132 2356 1408 2433 Διφίλου
1449 2351 1786 2434 Ἀνθεμίων
1827 2353 2006 2417 τόνδ’
2049 2359 2239 2417 ἵππον
2281 2360 2453 2428 θεοῖς
2497 2355 2796 2436 ἀνέθηκεν

1038 2495 1042 2499 .
1220 2440 1490 2518 Θητικοῦ
1536 2436 1668 2501 ἀντὶ
1715 2439 1926 2513 τέλους
1969 2437 2192 2502 ἱππάδ’
2240 2439 2680 2520 ἀμειψάμενος.

801 2557 885 2632 (v.
930 2550 1280 2635 Appendix
1320 2550 1581 2615 Anthol.
1626 2551 1833 2618 Palat.
1892 2555 1967 2617 T.
2013 2553 2098 2617 II.
2156 2574 2219 2637 p.
2267 2556 2458 2629 805.).
2548 2553 2855 2620 Similiter
2899 2554 3127 2636 Agora-

801 2653 997 2719 critus
1043 2658 1180 2737 (pro
1210 2654 1583 2736 Agoracrito
1613 2655 1968 2719 Pausanias
2012 2656 2061 2737 I,
2096 2660 2197 2719 33.
2231 2655 2384 2719 dicit
2413 2656 2708 2721 Phidiam
2738 2657 2859 2721 hoc
2888 2655 3127 2731 fecisse)

800 2756 870 2820 in
912 2755 1054 2820 basi
1099 2755 1392 2819 Nemesis
1436 2761 1683 2821 statuae
1727 2763 1980 2838 praeter
2021 2757 2154 2821 alia
2194 2758 2397 2821 multa
2453 2758 2645 2823 etiam
2689 2757 3030 2841 Tyndareo
3074 2761 3132 2821 et

802 2856 948 2923 filiis
1007 2857 1141 2922 eius
1210 2857 1590 2921 adiunxerat
1648 2853 1854 2937 ἄνδρα
1913 2857 2029 2920 σὺν
2099 2857 2294 2942 ἵππῳ
2354 2857 2841 2943 παρεστηκότα,
2906 2856 3132 2921 Ἱππέα

805 2954 1030 3037 ὄνομα.
1121 2961 1369 3023 Tamen
1426 2959 1572 3041 equi
1628 2966 1820 3042 caput
1881 2959 2132 3042 signum
2189 2980 2332 3026 esse
2377 2962 2596 3027 mortis
2652 2962 2835 3026 multi
2889 2961 3135 3027 fuerunt

804 3062 913 3144 qui
969 3059 1332 3142 crederent,
1394 3081 1550 3142 quos
1606 3061 1918 3143 allegavit
1973 3062 2065 3126 Le
2110 3063 2240 3128 Bas
2294 3064 2338 3127 l.
2395 3064 2438 3127 l.
2493 3083 2557 3146 p.
2617 3065 2751 3146 90.;
2808 3063 2909 3128 his
2964 3063 3136 3127 Furt-

803 3162 1207 3244 waenglerus
1248 3160 1588 3228 addendus
1633 3169 1730 3227 est
1773 3162 1842 3227 in
1884 3163 2081 3228 libro:
2127 3165 2251 3229 Die
2294 3164 2451 3230 Idee
2495 3163 2610 3230 des
2642 3163 2856 3230 Todes
2899 3164 2969 3228 in
3011 3164 3136 3229 den

805 3264 1075 3348 Mythen
1121 3262 1252 3327 und
1296 3263 1937 3329 Kunstdenkmalern
1982 3264 2096 3330 der
2142 3265 2477 3332 Griechen.
2524 3267 2589 3330 II
2634 3267 2734 3332 ed.
2780 3288 2843 3349 p.
2883 3269 3000 3330 139
3044 3285 3137 3347 sq.

805 3367 955 3431 Tali
998 3370 1211 3429 autem
1256 3365 1670 3429 barbarorum
1702 3366 1933 3447 equulo
1977 3388 2108 3432 non
2150 3367 2542 3450 imponenda
2570 3375 2706 3433 erat
2748 3367 3141 3452 mythologia

812 3468 1217 3534 Graecorum.
1284 3467 1423 3548 Ego
1452 3465 1617 3531 facio
1647 3487 1791 3532 cum
1818 3467 2162 3554 Welckero
2196 3476 2258 3534 et
2286 3471 2361 3534 E.
2396 3469 2750 3536 Gerhardio
2782 3469 3138 3548 (Archaeol.

808 3569 1086 3650 Intellig.
1150 3570 1332 3633 1836.
1391 3589 1453 3651 p.
1515 3572 1639 3645 70.)
1696 3570 2158 3652 epigrammate
2225 3571 2517 3654 inprimis
2571 3579 2920 3637 commotus
2976 3569 3141 3653 quod
3194 3631 3199 3642 ,

812 3691 1011 3753 supra
1054 3669 1323 3752 apposui
1368 3690 1450 3735 ex
1492 3670 1772 3736 Polluce.

983 3770 1274 3836 Ceterum
1329 3771 1606 3837 incertus
1649 3773 1885 3838 haereo
1929 3793 2015 3838 an
2072 3794 2166 3839 vs.
2212 3777 2270 3838 3.
2317 3774 2697 3841 Callimachi
2738 3774 3139 3840 scribendum

719 3915 729 3924 ·
816 3892 957 3940 esse
1018 3879 1235 3956 putem
1292 3874 1396 3936 καὶ
1444 3876 1699 3952 μοῦνον,
1733 3875 1893 3953 ἔχων
1941 3870 2191 3958 σκύφος
2233 3897 2348 3960 pro
2394 3876 2587 3961 ξίφος
2642 3897 2835 3959 quum
2891 3875 3140 3959 gladius

812 3977 880 4041 in
944 3994 1141 4039 manu
1202 3975 1627 4042 recumbentis
1689 3976 1811 4040 viri
1875 3976 1943 4040 in
1998 3979 2470 4061 exemplaribus
2539 3980 3048 4063 anaglyphorum
3102 3996 3142 4040 a

812 4079 906 4144 Le
948 4077 1078 4142 Bas
1123 4075 1394 4158 aliisque
1437 4084 2068 4143 commemoratorum
2111 4099 2425 4162 nusquam
2468 4086 2809 4164 appareat,
2869 4079 3144 4165 scyphus

813 4198 967 4245 vero
1009 4179 1077 4244 in
1129 4177 1440 4243 omnibus.
