3499 5219
1311 417 1362 421 κ
1533 386 1655 446 219
1745 419 1853 426 ----

414 542 591 612 rmo'
643 541 686 610 ἆ
730 549 1113 634 ταλαίφρων
1161 551 1341 634 ἔφυν,
1389 553 1679 634 alterum,
1728 554 1810 620 de
1853 575 1975 637 quo
2018 555 2149 620 iam
2191 557 2437 621 monuit
2466 557 2759 631 IacobuS,

413 657 703 738 quamvis
745 657 867 721 hoc
908 655 1119 721 minus
1163 654 1247 720 sit
1287 674 1503 736 grave,
1552 655 1741 737 quod,
1794 657 1849 722 si
1890 656 1980 722 ita
2023 658 2258 724 sentiat
2301 658 2628 740 Antigona
2674 657 2754 724 de

411 759 674 840 marito,
733 765 803 823 ut
859 757 965 823 hic
1014 756 1271 840 quidem
1316 776 1459 822 eam
1499 759 1740 824 sentire
1784 758 2043 826 finxisse
2086 758 2338 825 videtur
2381 760 2751 843 Sophocles,

411 860 614 926 laedit
655 861 883 925 mir-um
926 861 994 924 111
1036 858 1297 949 modum
1338 858 1688 926 Haemonis
1732 881 2035 927 amorem.
2137 861 2324 941 Quod
2380 862 2437 927 si
2493 862 2577 928 de
2634 864 2755 928 hoc

409 964 552 1055 ipso
609 982 827 1028 amore
883 982 999 1046 per
1039 968 1256 1040 >totam
1312 961 1708 1042 tragoediam
1771 969 2010 1029 taceret
2081 965 2482 1029 sanctissima
2552 965 2753 1049 virgo,

410 1066 779 1132 habendum
837 1064 907 1129 id
964 1071 1135 1130 esset
1188 1064 1258 1129 in
1315 1064 1805 1146 sapientissimis
1863 1065 2146 1130 consiliis
2206 1065 2574 1149 Sophoclis3
2640 1068 2754 1135 sed

407 1189 604 1251 quum
644 1169 862 1251 palam
905 1167 1060 1231 dicit
1102 1186 1217 1249 pro
1263 1166 1480 1231 mariti
1533 1168 1741 1232 salute
1800 1186 1873 1232 se
1927 1188 2255 1250 nunquam
2310 1167 2379 1232 id
2437 1169 2755 1252 periclita-

407 1278 614 1335 turam
657 1270 884 1350 fuisse,
942 1268 1113 1350 quod
1157 1288 1317 1333 ausa
1360 1268 1442 1333 sit
1485 1267 1568 1333 de
1610 1268 1827 1334 fratris
1874 1275 2071 1351 sorte,
2134 1269 2270 1335 fieri
2330 1270 2499 1336 enim
2563 1292 2752 1355 posse

406 1380 476 1438 ut
517 1374 683 1438 alius
725 1392 795 1437 se
831 1378 1064 1454 ,postea
1110 1370 1299 1435 ducat
1342 1371 1411 1436 in
1455 1370 1956 1451 matrimonium,
2018 1370 2298 1437 ostendit
2349 1391 2451 1450 se,
2513 1393 2597 1439 ne
2640 1375 2753 1438 mi-

385 1475 583 1539 nima
634 1472 893 1556 quidem
948 1473 1136 1539 huius
1192 1473 1287 1539 rei
1344 1473 1895 1555 argumentatione
1952 1474 2233 1555 adiecta,
2295 1476 2473 1538 nullo
2532 1495 2751 1542 amore

405 1596 560 1659 erga
602 1596 746 1641 eum
789 1577 1023 1657 teneri,
1084 1576 1194 1658 qui
1249 1582 1517 1639 mortem
1576 1575 1699 1640 sibi
1756 1581 1982 1658 postea
2038 1575 2373 1641 consciscit
2417 1577 2497 1641 ob
2541 1576 2751 1660 ipsum

404 1698 686 1744 amorem
728 1677 1013 1762 virginis.
1102 1677 1289 1757 Quod
1330 1675 1692 1743 incredibili
1736 1676 1927 1741 modo
1973 1696 2280 1743 enervare
2325 1677 2578 1743 videtur
2619 1679 2749 1743 vim

401 1788 602 1846 totam
643 1779 1032 1864 tragoediae.

570 1883 740 1949 Num
809 1883 1001 1966 igitur
1071 1879 1608 1964 adstipulabimur
1679 1880 1945 1961 Iacob0,
2032 1899 2264 1946 novem
2338 1900 2562 1947 versus
2642 1901 2748 1947 ex·

401 1984 755 2069 pungenti}>
853 1984 1134 2050 Minime.
1232 1983 1402 2049 Nam
1468 1983 1743 2065 primum
1801 1982 2059 2064 quidem
2116 1980 2552 2066 exspectanda
2609 1992 2746 2050 erat

400 2087 659 2152 omnino
717 2085 800 2150 ab
853 2086 1178 2169 Antigona
1237 2086 1718 2167 arqumentatio,
1782 2104 1908 2166 qua
1966 2083 2433 2152 demonstraret
2490 2103 2600 2151 cur
2661 2085 2748 2152 ad

401 2207 473 2254 se
514 2190 718 2254 solam
763 2188 1083 2271 pertinere
1139 2187 1458 2270 putaverit
1516 2184 1797 2270 osfimfum
1855 2185 2214 2269 sepeliendi
2273 2186 2519 2269 fratriS,
2581 2206 2745 2269 quae

399 2310 657 2374 prorsus
703 2289 956 2356 deesset
996 2289 1256 2355 resectis
1300 2288 1440 2355 istis
1483 2287 1805 2371 versibus3
1849 2288 2208 2354 cavendum
2238 2288 2410 2354 enim
2439 2287 2745 2372 Sophocli

400 2398 535 2458 erat
589 2411 675 2459 ne
729 2392 799 2457 111
854 2397 1058 2457 morte
1111 2389 1477 2473 Antigonae
1544 2390 1687 2455 sola
1739 2396 2240 2456 commoveretur
2294 2387 2731 2455 misericordia

396 2493 788 2574 auditorum,
849 2513 1005 2576 qua,
1064 2492 1189 2558 nisi
1231 2492 1393 2557 ratio
1451 2489 1743 2574 accedat,
1804 2491 1968 2557 nihil
2011 2489 2165 2575 fingi
2208 2497 2419 2575 potest
2460 2492 2745 2559 inanius-

397 2595 651 2663 Deinde
705 2593 870 2661 illud
927 2595 1121 2662 etiam
1179 2598 1278 2660 est
1331 2594 1809 2678 gravissimum,
1870 2591 2042 2677 quod
2099 2592 2475 2661 Aristoteles
2534 2595 2743 2675 (Rhet.

397 2699 517 2780 ΠΙ,
554 2700 677 2776 16.)
722 2704 785 2763 et
825 2697 1008 2816 legit3
1025 2697 1144 2765 hos
1187 2715 1409 2762 versus
1452 2703 1517 2762 et
1560 2696 1977 2779 comprobare
2021 2715 2134 2762 suo
2179 2696 2426 2761 calculo
2469 2695 2742 2779 videtur,

398 2825 476 2864 αν
522 2793 587 2863 δ’
639 2796 928 2863 ἄπιστον
970 2799 1009 2882 ᾖ
1054 2795 1206 2862 τότε
1248 2795 1368 2884 τὴν
1423 2795 1639 2862 uniar
1700 2796 2057 2880 ἐπιλέγειν,
2122 2791 2350 2881 ὥσπερ
2395 2798 2742 2916 Σοφοκλῆς

395 2905 583 2966 ποιεῖ
625 2898 1047 2985 παράδειγμα
1089 2894 1166 2962 τὸ
1213 2896 1281 2962 ἐκ
1322 2904 1441 2984 τῆς
1477 2892 1891 2983 Ἀντιγόνης,
1942 2892 2049 2962 ὅτι
2090 2896 2341 2978 μᾶλλον
2387 2901 2502 2962 τοῦ
2551 2892 2743 2964 ἀδελ-

396 3005 528 3088 φοῦ
590 3000 888 3090 ἐκήδετο,
949 2994 992 3086 ἢ
1049 2994 1286 3081 ἀνδρὸς
1342 2993 1385 3085 ἢ
1442 2997 1716 3067 τέκνων·
1783 2998 1868 3064 τὰ
1924 2999 2044 3082 μὲν
2101 2998 2223 3084 γὰρ
2285 2992 2363 3064 ἂν
2421 2999 2738 3083 γενέσθαι

395 3099 797 3187 ἀπολόμενα.

800 3222 1068 3304 Μητρὸς
1110 3218 1173 3281 δ’
1224 3221 1287 3281 ἐν
1330 3215 1501 3324 ᾅδου
1533 3222 1632 3281 καὶ
1673 3219 1907 3300 πατρὸς
1948 3218 2306 3300 βεβηκότων

807 3309 941 3373 Οὐκ
985 3306 1115 3373 ξ”στ
1167 3285 1501 3390 ἀδελφὸς(
1479 3300 1646 3380 όστις
1689 3306 1768 3368 ἂν
1807 3302 2067 3385 βλάστοι
2111 3305 2274 3368 ποτέ.

391 3449 685 3531 Denique
726 3448 867 3532 ipse
911 3446 1182 3513 Iacobus
1223 3465 1354 3510 non
1401 3445 1606 3528 potuit
1648 3443 1966 3527 indicare,
2027 3463 2151 3528 quo
2209 3418 2411 3529 loco,
2444 3448 2499 3514 si
2546 3448 2733 3514 inter-

390 3551 593 3635 polati
636 3550 763 3616 sint
805 3569 1058 3631 versus,
1122 3554 1338 3613 sutura
1380 3547 1582 3612 lateat
1633 3553 1696 3614 et
1740 3547 2088 3630 quomodo,
2147 3555 2217 3613 ut
2259 3556 2429 3615 recte
2471 3549 2734 3615 Wexius

392 3653 563 3735 dicit,
612 3653 844 3719 omisso
885 3652 999 3717 illo
1047 3650 1215 3716 dicto
1248 3622 1565 3715 orationis
1608 3651 1894 3715 membro
1929 3657 2081 3734 apte
2111 3652 2437 3717 conciliari
2464 3654 2729 3736 possint.

558 3755 717 3820 Mihi
758 3755 970 3838 igitur,
1015 3759 1084 3817 ut
1122 3751 1403 3818 breviter
1432 3750 1643 3817 dicam
1673 3752 1843 3836 quod
1873 3753 2098 3835 senti0,
2147 3752 2407 3820 delendi
2437 3754 2735 3820 videntur

388 3865 518 3923 tres
561 3876 784 3924 versus
829 3858 972 3921 872.
1020 3858 1163 3920 873.
1210 3860 1273 3921 et
1318 3857 1492 3936 874„
1556 3860 1619 3919 et
1660 3873 1883 3920 versus
1929 3859 2085 3938 876,
2144 3856 2212 3921 in
2272 3875 2393 3938 quo
2437 3857 2732 3940 gravissi-

386 3980 560 4025 mum
602 3959 772 4025 inest
812 3957 1037 4022 vitium
1083 3956 1502 4039 cogitationis,
1550 3956 1640 4022 sic
1683 3956 2089 4023 scribendus:

848 4088 960 4153 οὖκ
1003 4086 1134 4152 ἴστ’
1184 4088 1455 4175 ἀδελφὸν
1498 4084 1665 4164 ὅστις
1708 4088 1786 4152 ἂν
1827 4086 2059 4154 θάπτοι
2104 4091 2266 4155 ποτέ.

388 4231 493 4298 Sic
544 4231 851 4314 optimam
891 4229 1202 4295 habemus
1245 4229 1609 4313 Antigonae
1668 4210 2315 4313 argumentationem,
2378 4250 2502 4313 qua
2558 4249 2727 4295 nunc

387 4334 475 4400 ad
502 4352 572 4399 se
600 4332 804 4399 solam
833 4330 977 4415 lege
1022 4325 1392 4412 ἀγχιστείας
1436 4333 1757 4416 pertinere
1792 4332 2113 4417 putaverit
2157 4330 2434 4415 officium
2472 4332 2727 4416 pietatis
