3499 5219
902 1440 1726 1509 ANIMADVERSIONES
1770 1444 1867 1509 IN
1908 1442 2539 1512 ARISTOPHANIS
2582 1443 2974 1526 EQVITES.

947 1633 1023 1696 In
1053 1629 1179 1697 fine
1207 1629 1653 1714 Aristophanis
1682 1629 2069 1712 comoediae,
2100 1650 2265 1713 quae
2292 1630 2556 1713 Equites
2587 1630 2832 1714 dicitur,
2879 1632 3109 1700 deesse

778 1733 955 1799 chori
996 1732 1309 1798 canticum
1352 1731 1542 1797 facile
1584 1730 1941 1797 concedunt
1997 1732 2105 1816 qui
2148 1739 2390 1798 ceteras
2433 1732 2673 1816 egregii
2726 1742 2957 1817 poetae
3014 1736 3109 1801 fa·

778 1836 965 1901 bulas
1020 1836 1087 1899 in
1143 1834 1681 1917 comparationem
1735 1841 2077 1917 vocarunt,
2137 1854 2303 1917 quae
2343 1834 2430 1899 ad
2471 1855 2668 1900 unam
2711 1856 2962 1919 omnes,
3022 1857 3109 1903 ne

779 1937 947 2003 Pace
1003 1935 1259 2021 quidem
1304 1943 1570 2019 excepta
1585 1937 1626 2012 ¹)
1641 1984 1659 2017 ‚
1719 1934 2020 2001 desinunt
2074 1955 2217 2001 cum
2275 1936 2544 2002 cantico.
2629 1937 2713 2002 Et
2767 1937 2959 2004 totius
3012 1938 3111 2005 rei

779 2039 1072 2104 scenicae
1113 2038 1276 2104 ratio
1318 2038 1440 2103 hoc
1483 2038 1665 2120 quasi
1706 2036 2069 2120 flagitabat,
2125 2058 2258 2102 non
2313 2039 2520 2104 solum
2579 2037 2756 2123 apud
2802 2031 3102 2120 comicos,

779 2138 895 2206 sed
939 2139 1129 2206 etiam
1174 2137 1349 2223 apud
1391 2139 1683 2222 tragicos,
1731 2146 1802 2204 ut
1829 2140 2058 2205 chorus
2102 2159 2232 2204 non
2275 2140 2502 2206 tacitus
2546 2146 2611 2206 et
2639 2141 2821 2224 quasi
2850 2141 3107 2224 agmine

778 2241 944 2307 facto
988 2241 1194 2307 abiret
1221 2241 1303 2306 ab
1348 2242 1688 2323 orchestra,
1733 2241 1851 2307 sed
1881 2239 2106 2307 ordine
2147 2241 2492 2325 composito
2523 2248 2588 2307 et
2617 2262 2757 2307 cum
2785 2245 3105 2309 sententia

782 2343 1058 2427 quadam
1088 2363 1253 2426 quae
1295 2342 1686 2409 audientium
1716 2342 1968 2410 animos
1996 2342 2083 2408 ad
2114 2342 2422 2409 dramatis
2450 2351 2890 2426 argumentum
2923 2345 3106 2427 quasi

784 2445 1072 2529 erigeret.
1142 2444 1328 2524 Quod
1358 2464 1467 2509 cur
1507 2464 1637 2509 non
1680 2445 1918 2510 factum
1946 2443 2124 2511 sitin
2152 2445 2458 2529 Aeschyli
2485 2444 2863 2512 Prometheo
2893 2446 3105 2511 vincto

781 2565 978 2613 causa
1020 2553 1244 2630 aperta
1285 2553 1416 2631 est3
1459 2546 1528 2611 in
1571 2545 2055 2631 Agamemnone
2107 2565 2259 2614 vero
2321 2565 2451 2613 non
2509 2547 2735 2615 deesse
2790 2548 3104 2614 canticum

782 2647 958 2715 chori
998 2668 1130 2714 non
1171 2648 1487 2731 persuasit
1527 2647 1605 2714 G.
1649 2648 2072 2714 Hermannus.

912 2749 1036 2829 Qui
1077 2750 1312 2815 factum
1358 2756 1455 2816 est
1494 2749 1702 2834 igitur,
1748 2756 1819 2814 ut
1859 2749 2020 2816 haec
2059 2749 2203 2835 ipsa
2230 2748 2529 2835 Equitum
2571 2749 2902 2817 comoedia
2944 2771 3110 2835 quae

782 2851 1081 2935 omnium,
1128 2858 1432 2935 quotquot
1457 2858 1733 2918 aetatem
1776 2858 2058 2917 nostram
2099 2851 2397 2934 tulerunt,
2441 2851 2890 2937 Aristophanis
2930 2852 3109 2918 fabu-

784 2954 991 3019 larum
1020 2952 1109 3018 ad
1137 2973 1257 3020 nos
1284 2954 1578 3038 pervenit
1617 2953 2045 3036 integerrima,
2089 2953 2158 3019 in
2186 2951 2312 3019 fine
2339 2974 2570 3019 manca
2598 2973 2739 3021 esse
2767 2953 3110 3020 videatur?

785 3055 1058 3123 Causam
1112 3054 1381 3121 lacunae
1435 3056 1593 3121 mihi
1634 3056 1949 3139 reperisse
1990 3054 2215 3120 videor
2265 3054 2336 3120 in
2396 3074 2504 3138 eo,
2574 3055 2745 3137 quod
2811 3055 3111 3122 librarius

787 3157 856 3223 in
898 3157 1270 3241 apographo
1301 3177 1414 3221 suo
1444 3156 1759 3222 canticum
1801 3155 2063 3239 aliquod
2105 3155 2174 3221 in
2202 3155 2329 3222 fine
2355 3155 2723 3222 comoediae
2750 3156 3107 3239 invenerat,

785 3259 989 3340 cuius,
1050 3278 1413 3342 quanquam
1479 3258 1628 3324 huic
1681 3257 2048 3325 comoediae
2115 3256 2223 3323 fini
2289 3256 2634 3342 aptissimi,
2707 3257 3111 3325 describendi

784 3367 998 3427 tamen
1040 3359 1263 3426 labore
1307 3360 1721 3443 supersedere
1763 3360 2020 3443 maluit,
2078 3360 2227 3442 quia
2267 3359 2398 3425 iam
2453 3360 2778 3444 superiore
2831 3361 3108 3443 quodam

782 3463 925 3528 loco
970 3461 1218 3527 calamo
1260 3460 1343 3525 ab
1387 3480 1460 3525 se
1488 3468 1816 3527 exaratum
1852 3481 1993 3528 esse
2018 3460 2429 3529 meminisset.
2488 3461 2667 3527 Nihil
2698 3462 2867 3528 enim
2897 3463 3111 3546 aptius

785 3563 1109 3631 clausulae
1151 3562 1450 3646 Equitum
1492 3563 1647 3628 mihi
1689 3564 1942 3630 videtur
1983 3583 2175 3647 quam
2215 3570 2344 3630 tres
2385 3583 2607 3629 versus
2648 3571 2955 3648 repetere,
3001 3564 3108 3648 qui

783 3664 1081 3749 leguntur
1122 3664 1423 3750 strophae
1463 3664 1643 3729 initio
1685 3685 1779 3731 vs.
1830 3669 2010 3731 1261.

1390 3781 1477 3843 Τι’
1512 3777 1758 3844 κάλλιον
1797 3779 2218 3865 ἀρχομένοισιν

1384 3865 2192 3947 ἢκαταπαυομένοισι
2216 3893 2277 3945 ν,

1387 3950 1425 4033 ἢ
1470 3955 1636 4014 θοᾶν
1668 3952 1874 4014 ἳππων
1915 3953 2211 4036 ἐλατῆρας
2253 3950 2506 4030 (isidem,-

922 4104 956 4184 1’)
1003 4121 1125 4173 Tres
1170 4120 1341 4172 ultimi
1386 4122 1539 4173 huius
1581 4120 1780 4173 fabulae
1814 4122 2050 4173 versiculi
2084 4123 2140 4173 in
2174 4122 2316 4173 codd.
2352 4123 2475 4173 Bar.
2513 4125 2565 4172 et
2598 4120 2778 4173 Venet.
2814 4122 3110 4173 tribuuntur

787 4207 1042 4274 Trygae03
1090 4205 1175 4257 sed
1220 4210 1353 4257 recte
1398 4205 1645 4271 Bergkius
1690 4207 1833 4258 chori
1877 4207 2078 4258 cantico
2123 4206 2320 4258 addidit
2367 4223 2451 4258 eos
2496 4206 2693 4258 codices
2741 4211 2969 4270 secutnn,
3019 4207 3110 4272 qui

788 4291 1023 4343 ultimum
1057 4291 1296 4344 dramatis
1329 4306 1525 4342 versum
1558 4292 1710 4343 choro
1745 4291 2044 4344 attribuunt.
