<?xml version="1.0" encoding="UTF-8"?>
<!DOCTYPE html PUBLIC "-//W3C//DTD XHTML 1.0 Transitional//EN"
    "http://www.w3.org/TR/xhtml1/DTD/xhtml1-transitional.dtd">
<html xmlns="http://www.w3.org/1999/xhtml" xml:lang="en" lang="en">
 <head>
  <title>
</title>
<meta http-equiv="Content-Type" content="text/html;charset=utf-8" />
  <meta name='ocr-system' content='tesseract 3.04.00' />
  <meta name='ocr-capabilities' content='ocr_page ocr_carea ocr_par ocr_line ocrx_word'/>
</head>
<body>
  <div class='ocr_page' id='page_1' title='image "./opusculaacademi00goetgoog_0084.png"; bbox 0 0 3499 5219; ppageno 0'>
   <div class='ocr_carea' id='block_1_1' title="bbox 1715 422 2241 486">
    <p class='ocr_par' dir='ltr' id='par_1_1' title="bbox 1715 422 2241 486">
     <span class='ocr_line' id='line_1_1' title="bbox 1715 422 2241 486; baseline 0.002 -24"><span class='ocrx_word' id='word_1_1' title='bbox 1715 422 2241 486; x_wconf 64' lang='lat'><strong>-38—</strong></span> 
     </span>
    </p>
   </div>
   <div class='ocr_carea' id='block_1_2' title="bbox 792 589 3152 1388">
    <p class='ocr_par' dir='ltr' id='par_1_2' title="bbox 792 589 3152 1388">
     <span class='ocr_line' id='line_1_2' title="bbox 792 589 3152 676; baseline 0 -19"><span class='ocrx_word' id='word_1_2' title='bbox 792 600 899 658; x_wconf 81' lang='lat' dir='ltr'><strong>tur</strong></span> <span class='ocrx_word' id='word_1_3' title='bbox 941 590 1310 675; x_wconf 90' lang='lat' dir='ltr'><strong>Philippus,</strong></span> <span class='ocrx_word' id='word_1_4' title='bbox 1385 590 1487 654; x_wconf 91' lang='lat' dir='ltr'><strong>vir</strong></span> <span class='ocrx_word' id='word_1_5' title='bbox 1529 591 1854 674; x_wconf 82' lang='lat' dir='ltr'><strong>egregius3</strong></span> <span class='ocrx_word' id='word_1_6' title='bbox 1928 597 2140 654; x_wconf 89' lang='lat' dir='ltr'><strong>actum</strong></span> <span class='ocrx_word' id='word_1_7' title='bbox 2184 589 2355 655; x_wconf 90' lang='lat' dir='ltr'><strong>enim</strong></span> <span class='ocrx_word' id='word_1_8' title='bbox 2398 589 2623 655; x_wconf 83' lang='lat' dir='ltr'><strong>fuisset</strong></span> <span class='ocrx_word' id='word_1_9' title='bbox 2678 590 2759 656; x_wconf 91' lang='lat' dir='ltr'><strong>de</strong></span> <span class='ocrx_word' id='word_1_10' title='bbox 2813 591 3152 676; x_wconf 84' lang='lat' dir='ltr'><strong>metropoli</strong></span> 
     </span>
     <span class='ocr_line' id='line_1_3' title="bbox 797 690 3151 776; baseline 0.001 -17"><span class='ocrx_word' id='word_1_11' title='bbox 797 694 1174 775; x_wconf 89' lang='lat' dir='ltr'><strong>Viteberga,</strong></span> <span class='ocrx_word' id='word_1_12' title='bbox 1221 693 1312 776; x_wconf 91' lang='lat' dir='ltr'><strong>si,</strong></span> <span class='ocrx_word' id='word_1_13' title='bbox 1359 698 1505 776; x_wconf 92' lang='lat' dir='ltr'><strong>post</strong></span> <span class='ocrx_word' id='word_1_14' title='bbox 1547 699 1818 758; x_wconf 85' lang='lat' dir='ltr'><strong>mortem</strong></span> <span class='ocrx_word' id='word_1_15' title='bbox 1861 691 2125 757; x_wconf 91' lang='lat' dir='ltr'><strong>Lutheri</strong></span> <span class='ocrx_word' id='word_1_16' title='bbox 2139 740 2155 773; x_wconf 96' lang='lat'><strong>,</strong></span> <span class='ocrx_word' id='word_1_17' title='bbox 2203 690 2398 757; x_wconf 88' lang='lat' dir='ltr'><strong>etiam</strong></span> <span class='ocrx_word' id='word_1_18' title='bbox 2440 691 2898 758; x_wconf 86' lang='lat' dir='ltr'><strong>Melanchthon</strong></span> <span class='ocrx_word' id='word_1_19' title='bbox 2911 743 2927 776; x_wconf 94' lang='lat'><strong>,</strong></span> <span class='ocrx_word' id='word_1_20' title='bbox 2991 695 3151 762; x_wconf 81' lang='lat' dir='ltr'><strong>deus</strong></span> 
     </span>
     <span class='ocr_line' id='line_1_4' title="bbox 795 792 3149 881; baseline 0.001 -21"><span class='ocrx_word' id='word_1_21' title='bbox 795 796 982 881; x_wconf 88' lang='lat' dir='ltr'><strong>quasi</strong></span> <span class='ocrx_word' id='word_1_22' title='bbox 1026 794 1416 877; x_wconf 88' lang='lat' dir='ltr'><strong>Vitebergae</strong></span> <span class='ocrx_word' id='word_1_23' title='bbox 1472 795 1763 860; x_wconf 86' lang='lat' dir='ltr'><strong>tutelaris</strong></span> <span class='ocrx_word' id='word_1_24' title='bbox 1778 843 1795 877; x_wconf 91' lang='lat'><strong>,</strong></span> <span class='ocrx_word' id='word_1_25' title='bbox 1854 793 2119 859; x_wconf 81' lang='lat' dir='ltr'><strong>fractam</strong></span> <span class='ocrx_word' id='word_1_26' title='bbox 2160 794 2292 858; x_wconf 85' lang='lat' dir='ltr'><strong>iam</strong></span> <span class='ocrx_word' id='word_1_27' title='bbox 2356 792 2601 858; x_wconf 88' lang='lat' dir='ltr'><strong>viribus</strong></span> <span class='ocrx_word' id='word_1_28' title='bbox 2672 795 3149 863; x_wconf 83' lang='lat' dir='ltr'><strong>universitatem</strong></span> 
     </span>
     <span class='ocr_line' id='line_1_5' title="bbox 798 894 3148 979; baseline 0.001 -15"><span class='ocrx_word' id='word_1_29' title='bbox 798 896 1202 964; x_wconf 87' lang='lat' dir='ltr'><strong>deseruisset.</strong></span> <span class='ocrx_word' id='word_1_30' title='bbox 1290 896 1464 962; x_wconf 83' lang='lat' dir='ltr'><strong>Misit</strong></span> <span class='ocrx_word' id='word_1_31' title='bbox 1517 896 1709 979; x_wconf 88' lang='lat' dir='ltr'><strong>igitur</strong></span> <span class='ocrx_word' id='word_1_32' title='bbox 1765 895 2069 961; x_wconf 88' lang='lat' dir='ltr'><strong>tresviros</strong></span> <span class='ocrx_word' id='word_1_33' title='bbox 2128 894 2420 960; x_wconf 87' lang='lat' dir='ltr'><strong>coloniae</strong></span> <span class='ocrx_word' id='word_1_34' title='bbox 2469 897 2883 978; x_wconf 88' lang='lat' dir='ltr'><strong>evangelicae</strong></span> <span class='ocrx_word' id='word_1_35' title='bbox 2925 899 3148 966; x_wconf 86' lang='lat' dir='ltr'><strong>Ienam</strong></span> 
     </span>
     <span class='ocr_line' id='line_1_6' title="bbox 797 996 3144 1084; baseline 0.001 -20"><span class='ocrx_word' id='word_1_36' title='bbox 797 997 1218 1066; x_wconf 74' lang='lat' dir='ltr'><strong>deducendae</strong></span> <span class='ocrx_word' id='word_1_37' title='bbox 1232 1046 1248 1079; x_wconf 96' lang='lat'><strong>,</strong></span> <span class='ocrx_word' id='word_1_38' title='bbox 1307 999 1581 1081; x_wconf 90' lang='lat' dir='ltr'><strong>primum</strong></span> <span class='ocrx_word' id='word_1_39' title='bbox 1626 999 1936 1063; x_wconf 91' lang='lat' dir='ltr'><strong>Ioannem</strong></span> <span class='ocrx_word' id='word_1_40' title='bbox 1980 997 2317 1078; x_wconf 86' lang='lat' dir='ltr'><strong>Stigelium</strong></span> <span class='ocrx_word' id='word_1_41' title='bbox 2332 1044 2348 1077; x_wconf 96' lang='lat'><strong>,</strong></span> <span class='ocrx_word' id='word_1_42' title='bbox 2408 996 2774 1062; x_wconf 76' lang='lat' dir='ltr'><strong>Gothanum</strong></span> <span class='ocrx_word' id='word_1_43' title='bbox 2789 1046 2805 1079; x_wconf 94' lang='lat'><strong>,</strong></span> <span class='ocrx_word' id='word_1_44' title='bbox 2869 1007 3144 1084; x_wconf 85' lang='lat' dir='ltr'><strong>poetam,</strong></span> 
     </span>
     <span class='ocr_line' id='line_1_7' title="bbox 794 1098 3148 1186; baseline 0.001 -21"><span class='ocrx_word' id='word_1_45' title='bbox 794 1101 1197 1185; x_wconf 83' lang='lat' dir='ltr'>philologum</span> <span class='ocrx_word' id='word_1_46' title='bbox 1212 1149 1227 1180; x_wconf 92' lang='lat'><strong>,</strong></span> <span class='ocrx_word' id='word_1_47' title='bbox 1275 1100 1640 1181; x_wconf 91' lang='lat' dir='ltr'><strong>theologum</strong></span> <span class='ocrx_word' id='word_1_48' title='bbox 1656 1148 1672 1181; x_wconf 96' lang='lat'><strong>,</strong></span> <span class='ocrx_word' id='word_1_49' title='bbox 1721 1100 1828 1181; x_wconf 93' lang='lat' dir='ltr'><strong>qui</strong></span> <span class='ocrx_word' id='word_1_50' title='bbox 1845 1147 1861 1180; x_wconf 94' lang='lat'><strong>,</strong></span> <span class='ocrx_word' id='word_1_51' title='bbox 1908 1100 2091 1180; x_wconf 82' lang='lat' dir='ltr'><strong>quasi</strong></span> <span class='ocrx_word' id='word_1_52' title='bbox 2135 1118 2337 1181; x_wconf 89' lang='lat' dir='ltr'><strong>augur</strong></span> <span class='ocrx_word' id='word_1_53' title='bbox 2379 1098 2670 1164; x_wconf 91' lang='lat' dir='ltr'><strong>coloniae</strong></span> <span class='ocrx_word' id='word_1_54' title='bbox 2685 1147 2701 1180; x_wconf 95' lang='lat'><strong>,</strong></span> <span class='ocrx_word' id='word_1_55' title='bbox 2746 1100 2983 1167; x_wconf 89' lang='lat' dir='ltr'><strong>limites</strong></span> <span class='ocrx_word' id='word_1_56' title='bbox 3026 1105 3148 1186; x_wconf 91' lang='lat' dir='ltr'><strong>pri-</strong></span> 
     </span>
     <span class='ocr_line' id='line_1_8' title="bbox 795 1199 3147 1278; baseline 0.002 -11"><span class='ocrx_word' id='word_1_57' title='bbox 795 1222 938 1268; x_wconf 88' lang='lat' dir='ltr'><strong>mos</strong></span> <span class='ocrx_word' id='word_1_58' title='bbox 980 1201 1360 1269; x_wconf 90' lang='lat' dir='ltr'><strong>condendae</strong></span> <span class='ocrx_word' id='word_1_59' title='bbox 1402 1202 1839 1267; x_wconf 89' lang='lat' dir='ltr'><strong>universitatis</strong></span> <span class='ocrx_word' id='word_1_60' title='bbox 1879 1201 2440 1266; x_wconf 69' lang='lat' dir='ltr'><strong>circumscriberet.</strong></span> <span class='ocrx_word' id='word_1_61' title='bbox 2507 1199 2696 1278; x_wconf 80' lang='lat' dir='ltr'><strong>Quod</strong></span> <span class='ocrx_word' id='word_1_62' title='bbox 2739 1208 2996 1269; x_wconf 88' lang='lat' dir='ltr'><strong>strenue</strong></span> <span class='ocrx_word' id='word_1_63' title='bbox 3037 1207 3147 1272; x_wconf 86' lang='lat' dir='ltr'><strong>ille</strong></span> 
     </span>
     <span class='ocr_line' id='line_1_9' title="bbox 797 1301 3148 1388; baseline 0.002 -20"><span class='ocrx_word' id='word_1_64' title='bbox 797 1304 1066 1388; x_wconf 80' lang='lat' dir='ltr'><strong>perfecit</strong></span> <span class='ocrx_word' id='word_1_65' title='bbox 1107 1305 1300 1370; x_wconf 89' lang='lat' dir='ltr'><strong>solus.</strong></span> <span class='ocrx_word' id='word_1_66' title='bbox 1389 1303 1783 1368; x_wconf 85' lang='lat' dir='ltr'><strong>Victorinum</strong></span> <span class='ocrx_word' id='word_1_67' title='bbox 1840 1302 2076 1368; x_wconf 90' lang='lat' dir='ltr'><strong>deinde</strong></span> <span class='ocrx_word' id='word_1_68' title='bbox 2120 1301 2487 1385; x_wconf 85' lang='lat' dir='ltr'><strong>Strigelium</strong></span> <span class='ocrx_word' id='word_1_69' title='bbox 2501 1350 2518 1384; x_wconf 93' lang='lat'><strong>,</strong></span> <span class='ocrx_word' id='word_1_70' title='bbox 2576 1302 3030 1388; x_wconf 91' lang='lat' dir='ltr'><strong>philosophum</strong></span> <span class='ocrx_word' id='word_1_71' title='bbox 3086 1315 3148 1373; x_wconf 89' lang='lat' dir='ltr'><strong>et</strong></span> 
     </span>
    </p>
   </div>
   <div class='ocr_carea' id='block_1_3' title="bbox 3429 9 3433 681">
    <p class='ocr_par' dir='ltr' id='par_1_3' title="bbox 3429 9 3433 681">
     <span class='ocr_line' id='line_1_10' title="bbox 3429 9 3433 681; baseline 0 0"><span class='ocrx_word' id='word_1_72' title='bbox 3429 9 3433 681; x_wconf 95' lang='lat' dir='ltr'><strong> </strong></span> 
     </span>
    </p>
   </div>
   <div class='ocr_carea' id='block_1_4' title="bbox 795 1403 3248 1491">
    <p class='ocr_par' dir='ltr' id='par_1_4' title="bbox 795 1403 3248 1491">
     <span class='ocr_line' id='line_1_11' title="bbox 795 1403 3248 1491; baseline 0.001 -19"><span class='ocrx_word' id='word_1_73' title='bbox 795 1407 1201 1489; x_wconf 90' lang='lat' dir='ltr'><strong>theologum,</strong></span> <span class='ocrx_word' id='word_1_74' title='bbox 1277 1411 1342 1470; x_wconf 90' lang='lat' dir='ltr'><strong>et</strong></span> <span class='ocrx_word' id='word_1_75' title='bbox 1407 1404 1769 1470; x_wconf 90' lang='lat' dir='ltr'><strong>Erhardum</strong></span> <span class='ocrx_word' id='word_1_76' title='bbox 1828 1403 2235 1489; x_wconf 83' lang='lat' dir='ltr'><strong>Schnepfium</strong></span> <span class='ocrx_word' id='word_1_77' title='bbox 2251 1451 2267 1485; x_wconf 95' lang='lat'><strong>,</strong></span> <span class='ocrx_word' id='word_1_78' title='bbox 2343 1403 2740 1487; x_wconf 90' lang='lat' dir='ltr'><strong>theologum,</strong></span> <span class='ocrx_word' id='word_1_79' title='bbox 2814 1413 3146 1491; x_wconf 78' lang='lat' dir='ltr'><strong>utrumque</strong></span> <span class='ocrx_word' id='word_1_80' title='bbox 3244 1425 3248 1428; x_wconf 80' lang='grc'><em>·</em></span> 
     </span>
    </p>
   </div>
   <div class='ocr_carea' id='block_1_5' title="bbox 794 1505 3150 4441">
    <p class='ocr_par' dir='ltr' id='par_1_5' title="bbox 794 1505 3150 4441">
     <span class='ocr_line' id='line_1_12' title="bbox 798 1505 3146 1591; baseline 0.001 -17"><span class='ocrx_word' id='word_1_81' title='bbox 798 1507 1102 1575; x_wconf 88' lang='lat' dir='ltr'><strong>Suevum.</strong></span> <span class='ocrx_word' id='word_1_82' title='bbox 1190 1507 1368 1572; x_wconf 90' lang='lat' dir='ltr'><strong>Haec</strong></span> <span class='ocrx_word' id='word_1_83' title='bbox 1410 1507 1674 1571; x_wconf 87' lang='lat' dir='ltr'><strong>nomina</strong></span> <span class='ocrx_word' id='word_1_84' title='bbox 1688 1555 1704 1588; x_wconf 95' lang='lat'><strong>,</strong></span> <span class='ocrx_word' id='word_1_85' title='bbox 1764 1525 1936 1570; x_wconf 90' lang='lat' dir='ltr'><strong>nunc</strong></span> <span class='ocrx_word' id='word_1_86' title='bbox 1977 1506 2113 1572; x_wconf 86' lang='lat' dir='ltr'><strong>fere</strong></span> <span class='ocrx_word' id='word_1_87' title='bbox 2155 1505 2496 1570; x_wconf 87' lang='lat' dir='ltr'><strong>obscurata</strong></span> <span class='ocrx_word' id='word_1_88' title='bbox 2536 1507 2917 1589; x_wconf 84' lang='lat' dir='ltr'><strong>antiquitate</strong></span> <span class='ocrx_word' id='word_1_89' title='bbox 2931 1558 2947 1591; x_wconf 94' lang='lat'><strong>,</strong></span> <span class='ocrx_word' id='word_1_90' title='bbox 2996 1511 3146 1576; x_wconf 91' lang='lat' dir='ltr'><strong>olim</strong></span> 
     </span>
     <span class='ocr_line' id='line_1_13' title="bbox 796 1606 3147 1695; baseline 0.002 -20"><span class='ocrx_word' id='word_1_91' title='bbox 796 1610 976 1676; x_wconf 83' lang='lat' dir='ltr'><strong>fuere</strong></span> <span class='ocrx_word' id='word_1_92' title='bbox 1018 1610 1392 1675; x_wconf 89' lang='lat' dir='ltr'><strong>clarissima.</strong></span> <span class='ocrx_word' id='word_1_93' title='bbox 1482 1608 1693 1690; x_wconf 89' lang='lat' dir='ltr'><strong>Atque</strong></span> <span class='ocrx_word' id='word_1_94' title='bbox 1734 1627 1895 1691; x_wconf 91' lang='lat' dir='ltr'><strong>prae</strong></span> <span class='ocrx_word' id='word_1_95' title='bbox 1938 1606 2165 1673; x_wconf 89' lang='lat' dir='ltr'><strong>ceteris</strong></span> <span class='ocrx_word' id='word_1_96' title='bbox 2201 1606 2564 1672; x_wconf 80' lang='lat' dir='ltr'><strong>Victorinus</strong></span> <span class='ocrx_word' id='word_1_97' title='bbox 2605 1607 2737 1690; x_wconf 87' lang='lat' dir='ltr'><strong>ille,</strong></span> <span class='ocrx_word' id='word_1_98' title='bbox 2785 1610 3147 1695; x_wconf 84' lang='lat' dir='ltr'><strong>theologiae</strong></span> 
     </span>
     <span class='ocr_line' id='line_1_14' title="bbox 797 1708 3148 1796; baseline 0.001 -19"><span class='ocrx_word' id='word_1_99' title='bbox 797 1712 1091 1777; x_wconf 91' lang='lat' dir='ltr'><strong>Ienensis</strong></span> <span class='ocrx_word' id='word_1_100' title='bbox 1134 1710 1569 1775; x_wconf 89' lang='lat' dir='ltr'><strong>universitatis</strong></span> <span class='ocrx_word' id='word_1_101' title='bbox 1612 1716 1920 1792; x_wconf 87' lang='lat' dir='ltr'><strong>tanquam</strong></span> <span class='ocrx_word' id='word_1_102' title='bbox 1977 1708 2469 1790; x_wconf 86' lang='lat' dir='ltr'><strong>antesignanus,</strong></span> <span class='ocrx_word' id='word_1_103' title='bbox 2544 1708 2791 1775; x_wconf 86' lang='lat' dir='ltr'><strong>fortiter</strong></span> <span class='ocrx_word' id='word_1_104' title='bbox 2845 1714 3148 1796; x_wconf 88' lang='lat' dir='ltr'><strong>praetulit</strong></span> 
     </span>
     <span class='ocr_line' id='line_1_15' title="bbox 796 1810 3147 1896; baseline 0.002 -18"><span class='ocrx_word' id='word_1_105' title='bbox 796 1812 1108 1879; x_wconf 87' lang='lat' dir='ltr'><strong>vexillum</strong></span> <span class='ocrx_word' id='word_1_106' title='bbox 1151 1813 1464 1878; x_wconf 87' lang='lat' dir='ltr'><strong>libertatis</strong></span> <span class='ocrx_word' id='word_1_107' title='bbox 1509 1812 1954 1894; x_wconf 87' lang='lat' dir='ltr'><strong>evangelicae,</strong></span> <span class='ocrx_word' id='word_1_108' title='bbox 2029 1811 2130 1874; x_wconf 92' lang='lat' dir='ltr'><strong>vir</strong></span> <span class='ocrx_word' id='word_1_109' title='bbox 2170 1810 2717 1892; x_wconf 85' lang='lat' dir='ltr'><strong>ingeniosissimus</strong></span> <span class='ocrx_word' id='word_1_110' title='bbox 2765 1820 2958 1896; x_wconf 89' lang='lat' dir='ltr'><strong>atque</strong></span> <span class='ocrx_word' id='word_1_111' title='bbox 3014 1817 3147 1883; x_wconf 83' lang='lat' dir='ltr'><strong>eius</strong></span> 
     </span>
     <span class='ocr_line' id='line_1_16' title="bbox 794 1910 3147 2000; baseline 0.001 -20"><span class='ocrx_word' id='word_1_112' title='bbox 794 1915 1102 1997; x_wconf 78' lang='lat' dir='ltr'><strong>temporis</strong></span> <span class='ocrx_word' id='word_1_113' title='bbox 1145 1915 1585 1996; x_wconf 83' lang='lat' dir='ltr'><strong>theologorum</strong></span> <span class='ocrx_word' id='word_1_114' title='bbox 1631 1910 2216 2000; x_wconf 82' lang='grc' dir='ltr'><strong><em>φιλοσοφώτατος.</em></strong></span> <span class='ocrx_word' id='word_1_115' title='bbox 2296 1912 2619 1978; x_wconf 80' lang='lat' dir='ltr'><strong>Iohannes</strong></span> <span class='ocrx_word' id='word_1_116' title='bbox 2662 1914 2832 1978; x_wconf 83' lang='lat' dir='ltr'><strong>enim</strong></span> <span class='ocrx_word' id='word_1_117' title='bbox 2876 1916 3147 1983; x_wconf 84' lang='lat' dir='ltr'><strong>Frideri-</strong></span> 
     </span>
     <span class='ocr_line' id='line_1_17' title="bbox 798 2014 3146 2097; baseline 0.002 -16"><span class='ocrx_word' id='word_1_118' title='bbox 798 2035 912 2082; x_wconf 89' lang='lat' dir='ltr'><strong>cus</strong></span> <span class='ocrx_word' id='word_1_119' title='bbox 940 2015 1292 2097; x_wconf 82' lang='lat' dir='ltr'><strong>Secundus,</strong></span> <span class='ocrx_word' id='word_1_120' title='bbox 1338 2015 1732 2097; x_wconf 89' lang='lat' dir='ltr'><strong>Magnanimi</strong></span> <span class='ocrx_word' id='word_1_121' title='bbox 1761 2014 1946 2096; x_wconf 89' lang='lat' dir='ltr'><strong>filius,</strong></span> <span class='ocrx_word' id='word_1_122' title='bbox 1992 2014 2430 2096; x_wconf 88' lang='lat' dir='ltr'><strong>theologorum</strong></span> <span class='ocrx_word' id='word_1_123' title='bbox 2459 2016 2965 2097; x_wconf 86' lang='lat' dir='ltr'><strong>germanicorum</strong></span> <span class='ocrx_word' id='word_1_124' title='bbox 2993 2020 3146 2087; x_wconf 77' lang='lat' dir='ltr'><strong>rixis</strong></span> 
     </span>
     <span class='ocr_line' id='line_1_18' title="bbox 794 2116 3146 2199; baseline 0.002 -17"><span class='ocrx_word' id='word_1_125' title='bbox 794 2117 1110 2198; x_wconf 91' lang='lat' dir='ltr'><strong>irritatus,</strong></span> <span class='ocrx_word' id='word_1_126' title='bbox 1168 2116 1693 2182; x_wconf 87' lang='lat' dir='ltr'><strong>infaustissimum</strong></span> <span class='ocrx_word' id='word_1_127' title='bbox 1749 2117 2084 2182; x_wconf 88' lang='lat' dir='ltr'><strong>consilium</strong></span> <span class='ocrx_word' id='word_1_128' title='bbox 2128 2120 2387 2199; x_wconf 89' lang='lat' dir='ltr'><strong>ceperat</strong></span> <span class='ocrx_word' id='word_1_129' title='bbox 2428 2116 2665 2199; x_wconf 86' lang='lat' dir='ltr'><strong>scripta</strong></span> <span class='ocrx_word' id='word_1_130' title='bbox 2707 2119 2985 2199; x_wconf 89' lang='lat' dir='ltr'><strong>quadam</strong></span> <span class='ocrx_word' id='word_1_131' title='bbox 3028 2121 3146 2186; x_wconf 87' lang='lat' dir='ltr'><strong>for-</strong></span> 
     </span>
     <span class='ocr_line' id='line_1_19' title="bbox 797 2201 3143 2306; baseline 0.002 -23"><span class='ocrx_word' id='word_1_132' title='bbox 797 2220 978 2284; x_wconf 90' lang='lat' dir='ltr'><strong>mula</strong></span> <span class='ocrx_word' id='word_1_133' title='bbox 1019 2201 1188 2300; x_wconf 77' lang='lat' dir='ltr'><strong>fidei,</strong></span> <span class='ocrx_word' id='word_1_134' title='bbox 1234 2219 1509 2301; x_wconf 88' lang='lat' dir='ltr'><strong>primum</strong></span> <span class='ocrx_word' id='word_1_135' title='bbox 1553 2219 1887 2301; x_wconf 90' lang='lat' dir='ltr'><strong>theologos</strong></span> <span class='ocrx_word' id='word_1_136' title='bbox 1920 2237 2070 2283; x_wconf 88' lang='lat' dir='ltr'><strong>suos</strong></span> <span class='ocrx_word' id='word_1_137' title='bbox 2100 2224 2164 2282; x_wconf 90' lang='lat' dir='ltr'><strong>et</strong></span> <span class='ocrx_word' id='word_1_138' title='bbox 2191 2217 2619 2299; x_wconf 78' lang='lat' dir='ltr'><strong>magistratus,</strong></span> <span class='ocrx_word' id='word_1_139' title='bbox 2668 2218 2904 2287; x_wconf 87' lang='lat' dir='ltr'><strong>deinde</strong></span> <span class='ocrx_word' id='word_1_140' title='bbox 2933 2224 3143 2306; x_wconf 90' lang='lat' dir='ltr'><strong>etiam,</strong></span> 
     </span>
     <span class='ocr_line' id='line_1_20' title="bbox 798 2318 3147 2403; baseline 0.002 -17"><span class='ocrx_word' id='word_1_141' title='bbox 798 2320 856 2386; x_wconf 88' lang='lat' dir='ltr'><strong>si</strong></span> <span class='ocrx_word' id='word_1_142' title='bbox 899 2318 1034 2385; x_wconf 89' lang='lat' dir='ltr'><strong>fieri</strong></span> <span class='ocrx_word' id='word_1_143' title='bbox 1077 2326 1313 2403; x_wconf 89' lang='lat' dir='ltr'><strong>posset,</strong></span> <span class='ocrx_word' id='word_1_144' title='bbox 1360 2340 1582 2386; x_wconf 91' lang='lat' dir='ltr'><strong>omnes</strong></span> <span class='ocrx_word' id='word_1_145' title='bbox 1627 2320 1802 2385; x_wconf 86' lang='lat' dir='ltr'><strong>cives</strong></span> <span class='ocrx_word' id='word_1_146' title='bbox 1846 2318 2310 2400; x_wconf 86' lang='lat' dir='ltr'><strong>adstringendi,</strong></span> <span class='ocrx_word' id='word_1_147' title='bbox 2358 2338 2484 2399; x_wconf 90' lang='lat' dir='ltr'><strong>qua</strong></span> <span class='ocrx_word' id='word_1_148' title='bbox 2525 2319 2914 2403; x_wconf 85' lang='lat' dir='ltr'><strong>theologiam</strong></span> <span class='ocrx_word' id='word_1_149' title='bbox 2958 2344 3147 2391; x_wconf 87' lang='lat' dir='ltr'><strong>evan-</strong></span> 
     </span>
     <span class='ocr_line' id='line_1_21' title="bbox 796 2420 3147 2504; baseline 0.002 -17"><span class='ocrx_word' id='word_1_150' title='bbox 796 2422 1075 2504; x_wconf 88' lang='lat' dir='ltr'><strong>gelicam</strong></span> <span class='ocrx_word' id='word_1_151' title='bbox 1119 2422 1301 2503; x_wconf 91' lang='lat' dir='ltr'><strong>quasi</strong></span> <span class='ocrx_word' id='word_1_152' title='bbox 1342 2421 1536 2487; x_wconf 86' lang='lat' dir='ltr'><strong>fixam</strong></span> <span class='ocrx_word' id='word_1_153' title='bbox 1579 2428 1930 2503; x_wconf 91' lang='lat' dir='ltr'><strong>coerceret,</strong></span> <span class='ocrx_word' id='word_1_154' title='bbox 2002 2420 2300 2502; x_wconf 91' lang='lat' dir='ltr'><strong>viamque</strong></span> <span class='ocrx_word' id='word_1_155' title='bbox 2345 2439 2472 2502; x_wconf 92' lang='lat' dir='ltr'><strong>qua</strong></span> <span class='ocrx_word' id='word_1_156' title='bbox 2521 2427 2691 2487; x_wconf 89' lang='lat' dir='ltr'><strong>esset</strong></span> <span class='ocrx_word' id='word_1_157' title='bbox 2745 2425 3023 2491; x_wconf 90' lang='lat' dir='ltr'><strong>eundum</strong></span> <span class='ocrx_word' id='word_1_158' title='bbox 3079 2428 3147 2493; x_wconf 80' lang='lat' dir='ltr'><strong>in</strong></span> 
     </span>
     <span class='ocr_line' id='line_1_22' title="bbox 798 2521 3143 2608; baseline 0 -19"><span class='ocrx_word' id='word_1_159' title='bbox 798 2530 1156 2608; x_wconf 88' lang='lat' dir='ltr'><strong>posterum,</strong></span> <span class='ocrx_word' id='word_1_160' title='bbox 1233 2524 1714 2606; x_wconf 87' lang='lat' dir='ltr'><strong>praescriberet.</strong></span> <span class='ocrx_word' id='word_1_161' title='bbox 1805 2524 2057 2588; x_wconf 89' lang='lat' dir='ltr'><strong>Novum</strong></span> <span class='ocrx_word' id='word_1_162' title='bbox 2113 2522 2283 2586; x_wconf 91' lang='lat' dir='ltr'><strong>hunc</strong></span> <span class='ocrx_word' id='word_1_163' title='bbox 2337 2521 2838 2588; x_wconf 84' lang='lat' dir='ltr'><strong>confutationum</strong></span> <span class='ocrx_word' id='word_1_164' title='bbox 2893 2524 3143 2606; x_wconf 88' lang='lat' dir='ltr'><strong>librum,</strong></span> 
     </span>
     <span class='ocr_line' id='line_1_23' title="bbox 802 2624 3147 2710; baseline 0.001 -20"><span class='ocrx_word' id='word_1_165' title='bbox 802 2647 926 2708; x_wconf 91' lang='lat' dir='ltr'><strong>quo</strong></span> <span class='ocrx_word' id='word_1_166' title='bbox 970 2626 1273 2692; x_wconf 88' lang='lat' dir='ltr'><strong>haereses</strong></span> <span class='ocrx_word' id='word_1_167' title='bbox 1320 2625 1809 2708; x_wconf 81' lang='lat' dir='ltr'><strong>damnabantur,</strong></span> <span class='ocrx_word' id='word_1_168' title='bbox 1855 2624 2160 2690; x_wconf 89' lang='lat' dir='ltr'><strong>Matthias</strong></span> <span class='ocrx_word' id='word_1_169' title='bbox 2188 2625 2446 2690; x_wconf 88' lang='lat' dir='ltr'><strong>Flacius</strong></span> <span class='ocrx_word' id='word_1_170' title='bbox 2476 2626 2771 2710; x_wconf 83' lang='lat' dir='ltr'><strong>Illyricus</strong></span> <span class='ocrx_word' id='word_1_171' title='bbox 2813 2627 2987 2708; x_wconf 90' lang='lat' dir='ltr'><strong>apud</strong></span> <span class='ocrx_word' id='word_1_172' title='bbox 3030 2647 3147 2693; x_wconf 89' lang='lat' dir='ltr'><strong>nos</strong></span> 
     </span>
     <span class='ocr_line' id='line_1_24' title="bbox 800 2726 3144 2810; baseline 0 -18"><span class='ocrx_word' id='word_1_173' title='bbox 800 2734 1274 2810; x_wconf 90' lang='lat' dir='ltr'><strong>composuerat,</strong></span> <span class='ocrx_word' id='word_1_174' title='bbox 1350 2729 1579 2792; x_wconf 89' lang='lat' dir='ltr'><strong>mortui</strong></span> <span class='ocrx_word' id='word_1_175' title='bbox 1634 2727 1900 2792; x_wconf 87' lang='lat' dir='ltr'><strong>Lutheri</strong></span> <span class='ocrx_word' id='word_1_176' title='bbox 1956 2726 2142 2791; x_wconf 82' lang='lat' dir='ltr'><strong>simia</strong></span> <span class='ocrx_word' id='word_1_177' title='bbox 2156 2774 2173 2808; x_wconf 91' lang='lat'><strong>,</strong></span> <span class='ocrx_word' id='word_1_178' title='bbox 2250 2726 2763 2792; x_wconf 88' lang='lat' dir='ltr'><strong>Melanchthonis</strong></span> <span class='ocrx_word' id='word_1_179' title='bbox 2835 2729 3144 2793; x_wconf 86' lang='lat' dir='ltr'><strong>canicula.</strong></span> 
     </span>
     <span class='ocr_line' id='line_1_25' title="bbox 802 2827 3149 2909; baseline 0.001 -16"><span class='ocrx_word' id='word_1_180' title='bbox 802 2829 1006 2908; x_wconf 87' lang='lat' dir='ltr'><strong>Quem</strong></span> <span class='ocrx_word' id='word_1_181' title='bbox 1050 2830 1174 2894; x_wconf 86' lang='lat' dir='ltr'><strong>huc</strong></span> <span class='ocrx_word' id='word_1_182' title='bbox 1217 2829 1647 2896; x_wconf 87' lang='lat' dir='ltr'><strong>advocaverat</strong></span> <span class='ocrx_word' id='word_1_183' title='bbox 1688 2830 2013 2895; x_wconf 90' lang='lat' dir='ltr'><strong>Iohannes</strong></span> <span class='ocrx_word' id='word_1_184' title='bbox 2055 2827 2446 2909; x_wconf 87' lang='lat' dir='ltr'><strong>Fridericus,</strong></span> <span class='ocrx_word' id='word_1_185' title='bbox 2508 2836 2578 2892; x_wconf 93' lang='lat' dir='ltr'><strong>ut</strong></span> <span class='ocrx_word' id='word_1_186' title='bbox 2622 2829 2917 2894; x_wconf 88' lang='lat' dir='ltr'><strong>ardorem</strong></span> <span class='ocrx_word' id='word_1_187' title='bbox 2973 2830 3149 2895; x_wconf 91' lang='lat' dir='ltr'><strong>theo-</strong></span> 
     </span>
     <span class='ocr_line' id='line_1_26' title="bbox 800 2929 3150 3014; baseline 0.001 -19"><span class='ocrx_word' id='word_1_188' title='bbox 800 2932 1091 3014; x_wconf 87' lang='lat' dir='ltr'><strong>logorum</strong></span> <span class='ocrx_word' id='word_1_189' title='bbox 1148 2931 1331 3014; x_wconf 89' lang='lat' dir='ltr'><strong>quasi</strong></span> <span class='ocrx_word' id='word_1_190' title='bbox 1386 2937 1789 3014; x_wconf 88' lang='lat' dir='ltr'><strong>temperaret.</strong></span> <span class='ocrx_word' id='word_1_191' title='bbox 1876 2930 2041 2995; x_wconf 91' lang='lat' dir='ltr'><strong>Huic</strong></span> <span class='ocrx_word' id='word_1_192' title='bbox 2105 2929 2416 2994; x_wconf 86' lang='lat' dir='ltr'><strong>formulae</strong></span> <span class='ocrx_word' id='word_1_193' title='bbox 2489 2950 2679 3013; x_wconf 92' lang='lat' dir='ltr'><strong>quum</strong></span> <span class='ocrx_word' id='word_1_194' title='bbox 2752 2931 3150 2998; x_wconf 89' lang='lat' dir='ltr'><strong>subscribere</strong></span> 
     </span>
     <span class='ocr_line' id='line_1_27' title="bbox 802 3031 3148 3116; baseline 0.001 -19"><span class='ocrx_word' id='word_1_195' title='bbox 802 3034 1114 3099; x_wconf 88' lang='lat' dir='ltr'><strong>noluisset</strong></span> <span class='ocrx_word' id='word_1_196' title='bbox 1156 3032 1518 3098; x_wconf 89' lang='lat' dir='ltr'><strong>Victorinus</strong></span> <span class='ocrx_word' id='word_1_197' title='bbox 1560 3034 1628 3096; x_wconf 90' lang='lat' dir='ltr'><strong>in</strong></span> <span class='ocrx_word' id='word_1_198' title='bbox 1672 3052 1992 3098; x_wconf 90' lang='lat' dir='ltr'><strong>carcerem</strong></span> <span class='ocrx_word' id='word_1_199' title='bbox 2036 3031 2359 3096; x_wconf 90' lang='lat' dir='ltr'><strong>coniectus</strong></span> <span class='ocrx_word' id='word_1_200' title='bbox 2403 3037 2518 3113; x_wconf 91' lang='lat' dir='ltr'><strong>est,</strong></span> <span class='ocrx_word' id='word_1_201' title='bbox 2565 3052 2813 3097; x_wconf 87' lang='lat' dir='ltr'><strong>summa</strong></span> <span class='ocrx_word' id='word_1_202' title='bbox 2854 3033 3148 3116; x_wconf 90' lang='lat' dir='ltr'><strong>indigna-</strong></span> 
     </span>
     <span class='ocr_line' id='line_1_28' title="bbox 802 3134 3148 3219; baseline 0 -20"><span class='ocrx_word' id='word_1_203' title='bbox 802 3136 978 3200; x_wconf 91' lang='lat' dir='ltr'><strong>tione</strong></span> <span class='ocrx_word' id='word_1_204' title='bbox 1032 3134 1344 3199; x_wconf 88' lang='lat' dir='ltr'><strong>bonorum</strong></span> <span class='ocrx_word' id='word_1_205' title='bbox 1401 3135 1700 3199; x_wconf 88' lang='lat' dir='ltr'><strong>omnium.</strong></span> <span class='ocrx_word' id='word_1_206' title='bbox 1790 3135 1940 3199; x_wconf 86' lang='lat' dir='ltr'><strong>Mox</strong></span> <span class='ocrx_word' id='word_1_207' title='bbox 1996 3140 2214 3198; x_wconf 89' lang='lat' dir='ltr'><strong>tamen</strong></span> <span class='ocrx_word' id='word_1_208' title='bbox 2285 3152 2479 3215; x_wconf 89' lang='lat' dir='ltr'><strong>quum</strong></span> <span class='ocrx_word' id='word_1_209' title='bbox 2549 3135 2725 3217; x_wconf 91' lang='lat' dir='ltr'><strong>apud</strong></span> <span class='ocrx_word' id='word_1_210' title='bbox 2795 3136 3148 3219; x_wconf 87' lang='lat' dir='ltr'><strong>principem</strong></span> 
     </span>
     <span class='ocr_line' id='line_1_29' title="bbox 802 3233 3148 3319; baseline 0 -18"><span class='ocrx_word' id='word_1_211' title='bbox 802 3236 976 3301; x_wconf 89' lang='lat' dir='ltr'><strong>bona</strong></span> <span class='ocrx_word' id='word_1_212' title='bbox 1044 3255 1243 3302; x_wconf 88' lang='lat' dir='ltr'><strong>causa</strong></span> <span class='ocrx_word' id='word_1_213' title='bbox 1313 3237 1602 3319; x_wconf 89' lang='lat' dir='ltr'><strong>superior</strong></span> <span class='ocrx_word' id='word_1_214' title='bbox 1673 3256 1816 3302; x_wconf 89' lang='lat' dir='ltr'><strong>esse</strong></span> <span class='ocrx_word' id='word_1_215' title='bbox 1886 3235 2226 3318; x_wconf 89' lang='lat' dir='ltr'><strong>inciperet,</strong></span> <span class='ocrx_word' id='word_1_216' title='bbox 2303 3233 2665 3301; x_wconf 90' lang='lat' dir='ltr'><strong>Victorinus</strong></span> <span class='ocrx_word' id='word_1_217' title='bbox 2730 3256 2872 3300; x_wconf 91' lang='lat' dir='ltr'><strong>cum</strong></span> <span class='ocrx_word' id='word_1_218' title='bbox 2928 3238 3148 3303; x_wconf 87' lang='lat' dir='ltr'><strong>Flacio</strong></span> 
     </span>
     <span class='ocr_line' id='line_1_30' title="bbox 803 3336 3150 3422; baseline 0.001 -20"><span class='ocrx_word' id='word_1_219' title='bbox 803 3337 1129 3403; x_wconf 88' lang='lat' dir='ltr'><strong>Vimariae</strong></span> <span class='ocrx_word' id='word_1_220' title='bbox 1172 3336 1507 3421; x_wconf 89' lang='lat' dir='ltr'><strong>disputans</strong></span> <span class='ocrx_word' id='word_1_221' title='bbox 1551 3338 1809 3422; x_wconf 92' lang='lat' dir='ltr'><strong>publice</strong></span> <span class='ocrx_word' id='word_1_222' title='bbox 1851 3338 2020 3402; x_wconf 92' lang='lat' dir='ltr'><strong>hunc</strong></span> <span class='ocrx_word' id='word_1_223' title='bbox 2061 3337 2154 3400; x_wconf 90' lang='lat' dir='ltr'><strong>ita</strong></span> <span class='ocrx_word' id='word_1_224' title='bbox 2197 3336 2579 3420; x_wconf 83' lang='lat' dir='ltr'><strong>confutavit,</strong></span> <span class='ocrx_word' id='word_1_225' title='bbox 2639 3344 2709 3402; x_wconf 89' lang='lat' dir='ltr'><strong>ut</strong></span> <span class='ocrx_word' id='word_1_226' title='bbox 2752 3339 2939 3404; x_wconf 87' lang='lat' dir='ltr'><strong>huius</strong></span> <span class='ocrx_word' id='word_1_227' title='bbox 2981 3359 3150 3406; x_wconf 87' lang='lat' dir='ltr'><strong>asse-</strong></span> 
     </span>
     <span class='ocr_line' id='line_1_31' title="bbox 800 3438 3150 3522; baseline 0.001 -19"><span class='ocrx_word' id='word_1_228' title='bbox 800 3439 946 3504; x_wconf 89' lang='lat' dir='ltr'><strong>clae</strong></span> <span class='ocrx_word' id='word_1_229' title='bbox 988 3444 1214 3522; x_wconf 89' lang='lat' dir='ltr'><strong>postea</strong></span> <span class='ocrx_word' id='word_1_230' title='bbox 1255 3460 1338 3505; x_wconf 89' lang='lat' dir='ltr'><strong>ne</strong></span> <span class='ocrx_word' id='word_1_231' title='bbox 1394 3440 1805 3505; x_wconf 88' lang='lat' dir='ltr'><strong>mussitarent</strong></span> <span class='ocrx_word' id='word_1_232' title='bbox 1860 3438 2147 3521; x_wconf 90' lang='lat' dir='ltr'><strong>quidem,</strong></span> <span class='ocrx_word' id='word_1_233' title='bbox 2223 3458 2487 3520; x_wconf 89' lang='lat' dir='ltr'><strong>quorum</strong></span> <span class='ocrx_word' id='word_1_234' title='bbox 2542 3440 2654 3503; x_wconf 91' lang='lat' dir='ltr'><strong>alii</strong></span> <span class='ocrx_word' id='word_1_235' title='bbox 2709 3439 2961 3505; x_wconf 86' lang='lat' dir='ltr'><strong>fuerunt</strong></span> <span class='ocrx_word' id='word_1_236' title='bbox 3019 3462 3150 3506; x_wconf 93' lang='lat' dir='ltr'><strong>non</strong></span> 
     </span>
     <span class='ocr_line' id='line_1_32' title="bbox 803 3539 3145 3627; baseline 0.003 -23"><span class='ocrx_word' id='word_1_237' title='bbox 803 3539 1174 3623; x_wconf 87' lang='lat' dir='ltr'><strong>doctissimi,</strong></span> <span class='ocrx_word' id='word_1_238' title='bbox 1219 3542 1332 3606; x_wconf 89' lang='lat' dir='ltr'><strong>alii</strong></span> <span class='ocrx_word' id='word_1_239' title='bbox 1372 3543 1569 3625; x_wconf 90' lang='lat' dir='ltr'><strong>plane</strong></span> <span class='ocrx_word' id='word_1_240' title='bbox 1609 3540 1869 3606; x_wconf 86' lang='lat' dir='ltr'><strong>indocti.</strong></span> <span class='ocrx_word' id='word_1_241' title='bbox 1949 3542 2145 3606; x_wconf 88' lang='lat' dir='ltr'><strong>Recte</strong></span> <span class='ocrx_word' id='word_1_242' title='bbox 2187 3541 2379 3622; x_wconf 89' lang='lat' dir='ltr'><strong>igitur</strong></span> <span class='ocrx_word' id='word_1_243' title='bbox 2421 3540 2579 3604; x_wconf 91' lang='lat' dir='ltr'><strong>mihi</strong></span> <span class='ocrx_word' id='word_1_244' title='bbox 2620 3541 2846 3607; x_wconf 90' lang='lat' dir='ltr'><strong>videor</strong></span> <span class='ocrx_word' id='word_1_245' title='bbox 2889 3543 3145 3627; x_wconf 86' lang='lat' dir='ltr'><strong>dixisse,</strong></span> 
     </span>
     <span class='ocr_line' id='line_1_33' title="bbox 801 3641 3146 3728; baseline 0.002 -22"><span class='ocrx_word' id='word_1_246' title='bbox 801 3641 980 3725; x_wconf 89' lang='lat' dir='ltr'><strong>apud</strong></span> <span class='ocrx_word' id='word_1_247' title='bbox 1033 3662 1150 3708; x_wconf 90' lang='lat' dir='ltr'><strong>nos</strong></span> <span class='ocrx_word' id='word_1_248' title='bbox 1208 3643 1599 3707; x_wconf 89' lang='lat' dir='ltr'><strong>Victorinum</strong></span> <span class='ocrx_word' id='word_1_249' title='bbox 1653 3643 1852 3708; x_wconf 86' lang='lat' dir='ltr'><strong>fuisse</strong></span> <span class='ocrx_word' id='word_1_250' title='bbox 1906 3641 2277 3724; x_wconf 84' lang='lat' dir='ltr'><strong>signiferum</strong></span> <span class='ocrx_word' id='word_1_251' title='bbox 2337 3643 2650 3708; x_wconf 85' lang='lat' dir='ltr'><strong>libertatis</strong></span> <span class='ocrx_word' id='word_1_252' title='bbox 2715 3646 3146 3728; x_wconf 88' lang='lat' dir='ltr'><strong>evangelicae,</strong></span> 
     </span>
     <span class='ocr_line' id='line_1_34' title="bbox 802 3743 3147 3826; baseline 0.002 -18"><span class='ocrx_word' id='word_1_253' title='bbox 802 3750 868 3808; x_wconf 91' lang='lat' dir='ltr'><strong>et</strong></span> <span class='ocrx_word' id='word_1_254' title='bbox 911 3743 1020 3826; x_wconf 90' lang='lat' dir='ltr'><strong>qui</strong></span> <span class='ocrx_word' id='word_1_255' title='bbox 1063 3744 1161 3807; x_wconf 92' lang='lat' dir='ltr'><strong>vir</strong></span> <span class='ocrx_word' id='word_1_256' title='bbox 1201 3743 1406 3826; x_wconf 86' lang='lat' dir='ltr'><strong>fuerit,</strong></span> <span class='ocrx_word' id='word_1_257' title='bbox 1453 3765 1643 3826; x_wconf 90' lang='lat' dir='ltr'><strong>quam</strong></span> <span class='ocrx_word' id='word_1_258' title='bbox 1687 3745 1867 3809; x_wconf 86' lang='lat' dir='ltr'><strong>fortis</strong></span> <span class='ocrx_word' id='word_1_259' title='bbox 1911 3751 1975 3809; x_wconf 92' lang='lat' dir='ltr'><strong>et</strong></span> <span class='ocrx_word' id='word_1_260' title='bbox 2018 3764 2207 3826; x_wconf 89' lang='lat' dir='ltr'><strong>quam</strong></span> <span class='ocrx_word' id='word_1_261' title='bbox 2253 3751 2576 3826; x_wconf 90' lang='lat' dir='ltr'><strong>strenuus,</strong></span> <span class='ocrx_word' id='word_1_262' title='bbox 2625 3765 2752 3809; x_wconf 93' lang='lat' dir='ltr'><strong>uno</strong></span> <span class='ocrx_word' id='word_1_263' title='bbox 2799 3746 2936 3811; x_wconf 89' lang='lat' dir='ltr'><strong>eius</strong></span> <span class='ocrx_word' id='word_1_264' title='bbox 2981 3746 3147 3812; x_wconf 88' lang='lat' dir='ltr'><strong>dicto</strong></span> 
     </span>
     <span class='ocr_line' id='line_1_35' title="bbox 802 3845 3144 3931; baseline 0.002 -22"><span class='ocrx_word' id='word_1_265' title='bbox 802 3845 1347 3929; x_wconf 90' lang='lat' dir='ltr'><strong>comprobabitur,</strong></span> <span class='ocrx_word' id='word_1_266' title='bbox 1423 3846 1594 3929; x_wconf 91' lang='lat' dir='ltr'><strong>quod</strong></span> <span class='ocrx_word' id='word_1_267' title='bbox 1638 3867 1714 3912; x_wconf 92' lang='lat' dir='ltr'><strong>eo</strong></span> <span class='ocrx_word' id='word_1_268' title='bbox 1759 3864 2053 3911; x_wconf 90' lang='lat' dir='ltr'><strong>sermone</strong></span> <span class='ocrx_word' id='word_1_269' title='bbox 2094 3845 2294 3909; x_wconf 89' lang='lat' dir='ltr'><strong>Vobis</strong></span> <span class='ocrx_word' id='word_1_270' title='bbox 2338 3865 2724 3929; x_wconf 90' lang='lat' dir='ltr'><strong>proponam,</strong></span> <span class='ocrx_word' id='word_1_271' title='bbox 2800 3848 3144 3931; x_wconf 85' lang='lat' dir='ltr'><strong>auditores,</strong></span> 
     </span>
     <span class='ocr_line' id='line_1_36' title="bbox 804 3946 3147 4031; baseline 0.001 -20"><span class='ocrx_word' id='word_1_272' title='bbox 804 3965 929 4029; x_wconf 93' lang='lat' dir='ltr'><strong>quo</strong></span> <span class='ocrx_word' id='word_1_273' title='bbox 971 3947 1115 4031; x_wconf 91' lang='lat' dir='ltr'><strong>ipse</strong></span> <span class='ocrx_word' id='word_1_274' title='bbox 1157 3948 1696 4030; x_wconf 89' lang='lat' dir='ltr'><strong>pronunciaverat</strong></span> <span class='ocrx_word' id='word_1_275' title='bbox 1725 3946 2107 4011; x_wconf 90' lang='lat' dir='ltr'><strong>Victorinus.</strong></span> <span class='ocrx_word' id='word_1_276' title='bbox 2167 3946 2334 4011; x_wconf 88' lang='lat' dir='ltr'><strong>Nam</strong></span> <span class='ocrx_word' id='word_1_277' title='bbox 2379 3968 2570 4030; x_wconf 90' lang='lat' dir='ltr'><strong>quum</strong></span> <span class='ocrx_word' id='word_1_278' title='bbox 2614 3948 2836 4013; x_wconf 87' lang='lat' dir='ltr'><strong>morbo</strong></span> <span class='ocrx_word' id='word_1_279' title='bbox 2871 3949 3147 4031; x_wconf 89' lang='lat' dir='ltr'><strong>quodam</strong></span> 
     </span>
     <span class='ocr_line' id='line_1_37' title="bbox 801 4046 3148 4132; baseline 0.002 -20"><span class='ocrx_word' id='word_1_280' title='bbox 801 4048 1127 4114; x_wconf 87' lang='lat' dir='ltr'><strong>laboraret</strong></span> <span class='ocrx_word' id='word_1_281' title='bbox 1171 4056 1462 4132; x_wconf 88' lang='lat' dir='ltr'><strong>essetque</strong></span> <span class='ocrx_word' id='word_1_282' title='bbox 1505 4050 1572 4113; x_wconf 93' lang='lat' dir='ltr'><strong>in</strong></span> <span class='ocrx_word' id='word_1_283' title='bbox 1617 4070 1713 4131; x_wconf 90' lang='lat' dir='ltr'><strong>eo,</strong></span> <span class='ocrx_word' id='word_1_284' title='bbox 1761 4055 1831 4112; x_wconf 94' lang='lat' dir='ltr'><strong>ut</strong></span> <span class='ocrx_word' id='word_1_285' title='bbox 1870 4048 2005 4113; x_wconf 86' lang='lat' dir='ltr'><strong>fere</strong></span> <span class='ocrx_word' id='word_1_286' title='bbox 2045 4048 2187 4130; x_wconf 88' lang='lat' dir='ltr'><strong>ipse</strong></span> <span class='ocrx_word' id='word_1_287' title='bbox 2224 4046 2563 4132; x_wconf 90' lang='lat' dir='ltr'><strong>dubitaret,</strong></span> <span class='ocrx_word' id='word_1_288' title='bbox 2610 4071 2695 4114; x_wconf 98' lang='lat' dir='ltr'><strong>an</strong></span> <span class='ocrx_word' id='word_1_289' title='bbox 2725 4051 2910 4116; x_wconf 88' lang='lat' dir='ltr'><strong>salva</strong></span> <span class='ocrx_word' id='word_1_290' title='bbox 2937 4051 3148 4117; x_wconf 86' lang='lat' dir='ltr'><strong>futura</strong></span> 
     </span>
     <span class='ocr_line' id='line_1_38' title="bbox 802 4150 3146 4234; baseline 0.003 -21"><span class='ocrx_word' id='word_1_291' title='bbox 802 4169 999 4215; x_wconf 89' lang='lat' dir='ltr'><strong>causa</strong></span> <span class='ocrx_word' id='word_1_292' title='bbox 1042 4157 1237 4234; x_wconf 89' lang='lat' dir='ltr'><strong>esset,</strong></span> <span class='ocrx_word' id='word_1_293' title='bbox 1311 4172 1502 4233; x_wconf 90' lang='lat' dir='ltr'><strong>quam</strong></span> <span class='ocrx_word' id='word_1_294' title='bbox 1545 4152 1792 4216; x_wconf 86' lang='lat' dir='ltr'><strong>fortiter</strong></span> <span class='ocrx_word' id='word_1_295' title='bbox 1847 4150 2374 4232; x_wconf 86' lang='lat' dir='ltr'><strong>defensitaverat,</strong></span> <span class='ocrx_word' id='word_1_296' title='bbox 2447 4151 2571 4216; x_wconf 89' lang='lat' dir='ltr'><strong>hoc</strong></span> <span class='ocrx_word' id='word_1_297' title='bbox 2625 4152 2822 4219; x_wconf 86' lang='lat' dir='ltr'><strong>fertur</strong></span> <span class='ocrx_word' id='word_1_298' title='bbox 2876 4153 3146 4219; x_wconf 83' lang='lat' dir='ltr'><strong>dixisse:</strong></span> 
     </span>
     <span class='ocr_line' id='line_1_39' title="bbox 804 4251 3148 4335; baseline 0.001 -18"><span class='ocrx_word' id='word_1_299' title='bbox 804 4251 961 4334; x_wconf 91' lang='lat' dir='ltr'><strong>Ach,</strong></span> <span class='ocrx_word' id='word_1_300' title='bbox 1008 4252 1188 4335; x_wconf 90' lang='lat' dir='ltr'><strong>Herr,</strong></span> <span class='ocrx_word' id='word_1_301' title='bbox 1233 4253 1540 4318; x_wconf 89' lang='lat' dir='ltr'><strong>beschere</strong></span> <span class='ocrx_word' id='word_1_302' title='bbox 1582 4253 1703 4316; x_wconf 92' lang='lat' dir='ltr'><strong>mir</strong></span> <span class='ocrx_word' id='word_1_303' title='bbox 1745 4253 1936 4319; x_wconf 90' lang='lat' dir='ltr'><strong>einen</strong></span> <span class='ocrx_word' id='word_1_304' title='bbox 1978 4251 2411 4317; x_wconf 88' lang='lat' dir='ltr'><strong>reuterischen</strong></span> <span class='ocrx_word' id='word_1_305' title='bbox 2453 4252 2628 4318; x_wconf 84' lang='lat' dir='ltr'><strong>Tod!</strong></span> <span class='ocrx_word' id='word_1_306' title='bbox 2657 4289 2745 4300; x_wconf 91' lang='grc'><strong>--</strong></span> <span class='ocrx_word' id='word_1_307' title='bbox 2773 4255 2943 4318; x_wconf 85' lang='lat' dir='ltr'><strong>Num</strong></span> <span class='ocrx_word' id='word_1_308' title='bbox 2987 4254 3148 4320; x_wconf 83' lang='lat' dir='ltr'><strong>forte</strong></span> 
     </span>
     <span class='ocr_line' id='line_1_40' title="bbox 798 4352 3147 4441; baseline 0.003 -25"><span class='ocrx_word' id='word_1_309' title='bbox 798 4353 1137 4437; x_wconf 89' lang='lat' dir='ltr'><strong>indignum</strong></span> <span class='ocrx_word' id='word_1_310' title='bbox 1180 4354 1479 4437; x_wconf 86' lang='lat' dir='ltr'><strong>theologo</strong></span> <span class='ocrx_word' id='word_1_311' title='bbox 1516 4354 1879 4419; x_wconf 89' lang='lat' dir='ltr'><strong>iudicabitis</strong></span> <span class='ocrx_word' id='word_1_312' title='bbox 1919 4354 2043 4418; x_wconf 94' lang='lat' dir='ltr'><strong>hoc</strong></span> <span class='ocrx_word' id='word_1_313' title='bbox 2087 4352 2371 4418; x_wconf 80' lang='lat' dir='ltr'><strong>dictum?</strong></span> <span class='ocrx_word' id='word_1_314' title='bbox 2456 4355 2719 4421; x_wconf 89' lang='lat' dir='ltr'><strong>Minime</strong></span> <span class='ocrx_word' id='word_1_315' title='bbox 2760 4375 2945 4441; x_wconf 85' lang='lat' dir='ltr'><strong>vero;</strong></span> <span class='ocrx_word' id='word_1_316' title='bbox 2989 4356 3147 4422; x_wconf 91' lang='lat' dir='ltr'><strong>mihi</strong></span> 
     </span>
    </p>
   </div>
   <div class='ocr_carea' id='block_1_6' title="bbox 3433 983 3440 1819">
    <p class='ocr_par' dir='ltr' id='par_1_6' title="bbox 3433 983 3440 1819">
     <span class='ocr_line' id='line_1_41' title="bbox 3433 983 3440 1819; baseline 0 0"><span class='ocrx_word' id='word_1_317' title='bbox 3433 983 3440 1819; x_wconf 95' lang='lat' dir='ltr'><strong> </strong></span> 
     </span>
    </p>
   </div>
   <div class='ocr_carea' id='block_1_7' title="bbox 3433 983 3442 2220">
    <p class='ocr_par' dir='ltr' id='par_1_7' title="bbox 3433 983 3442 2220">
     <span class='ocr_line' id='line_1_42' title="bbox 3433 983 3442 2220; baseline 0 0"><span class='ocrx_word' id='word_1_318' title='bbox 3433 983 3442 2220; x_wconf 95' lang='lat' dir='ltr'><strong> </strong></span> 
     </span>
    </p>
   </div>
  </div>
 </body>
</html>
