3499 5219
1249 465 1384 474 -——
1476 431 1594 494 133
1681 461 1817 469 -——

850 597 1036 659 Vides
1079 603 1144 659 ut
1184 600 1308 677 igni
1351 599 1546 660 lucida
1588 594 1787 659 sidera

849 684 1067 743 Vatum
1109 686 1513 764 gemellorum,
1557 703 1592 745 o
1636 684 1899 762 Sopnm,
1943 683 2158 745 micant

934 770 1329 831 Intaminato‘?
1372 770 1551 851 „Divi
1598 774 1657 830 et
1698 770 1832 830 heic
1873 772 2040 830 sunt!

1015 855 1364 932 Ingrediare
1406 874 1613 916 nemus
1656 855 1900 916 deorum
1914 853 1974 913 !“

853 1032 1236 1109 Tandemque
1280 1033 1474 1093 lenam
1515 1033 1755 1111 ducere,
1801 1034 2084 1112 ΟΑΒΟΒΕ,

849 1115 1026 1181 Vitae
1068 1122 1357 1179 memento
1398 1118 1696 1178 dimidium
1738 1119 1948 1197 Tum,

934 1204 1016 1263 Ut
1057 1221 1222 1264 arma
1263 1222 1459 1264 coram
1500 1204 1828 1264 litterarum

1021 1286 1322 1365 Sanguine
1366 1289 1553 1349 discat
1595 1307 1794 1348 amare
1840 1291 2018 1348 casta.

848 1465 986 1526 Non
1029 1485 1218 1544 parva
1260 1484 1514 1542 namque
1559 1469 1648 1526 est
1688 1465 1883 1542 gentis
1926 1467 2147 1526 adorea

801 1564 826 1592 ·
848 1551 1086 1611 Ernesti
1134 1550 1307 1611 avitis
1349 1551 1630 1628 stirpibus
1674 1549 1889 1630 editae,
2190 1545 2194 1549 ’

931 1635 1110 1696 Fides
1153 1640 1219 1695 ut
1260 1637 1535 1713 Aequum
1577 1634 1682 1698 Ius
1726 1634 2019 1711 Salusque

1019 1720 1164 1782 Cum
1209 1721 1426 1799 Sophie
1469 1721 1630 1782 socia
1672 1721 1943 1780 colantur

846 1907 1114 1984 Templis
1156 1907 1434 1968 sacratis:
1481 1924 1635 1983 quae
1681 1907 1850 1985 ΤΙΒΙ,
1894 1907 2180 1986 canem,

847 1990 1002 2054 Olim
1044 1992 1327 2069 patebant
1367 1992 1534 2069 pacis
1574 1991 1831 2051 amantia

929 2078 1226 2138 Incinctus
1268 2095 1579 2138 aerumnas
1621 2077 1968 2154 priusquam

1018 2160 1318 2223 Gestieras
1358 2162 1618 2222 tolerare
1660 2161 1884 2221 Martis.

845 2349 1008 2426 Ergo
1052 2348 1329 2409 decorum
1373 2353 1463 2408 est
1504 2365 1614 2408 nos
1657 2366 1897 2423 quoque
1942 2347 2217 2425 sospitem

846 2433 1046 2494 V0131s
1090 2434 1325 2510 precari
1368 2432 1625 2510 coniugii
1666 2436 1881 2511 torum,

931 2516 982 2578 Ο
1027 2537 1166 2578 cara
1208 2522 1445 2579 nostrae
1488 2536 1627 2594 spes
1668 2517 1967 2595 iuventae,

1012 2604 1138 2664 Hos
1181 2604 1329 2665 deus
1372 2608 1436 2664 ut
1476 2602 1765 2664 thalamos
1808 2602 2121 2664 secundet!

847 2788 1096 2851 Scitisne
1140 2807 1331 2850 mores
1375 2793 1614 2868 praeter
1657 2788 1938 2850 amabiles

842 2874 1091 2935 Fiducia
1132 2873 1294 2954 quid,
1338 2875 1550 2934 fallere
1594 2874 1814 2952 nescia,

929 2959 1055 3020 Nos
1097 2958 1357 3039 impleat,
1401 2978 1647 3036 sperare
1690 2962 1918 3019 nosmet

1016 3042 1182 3117 Quae
1224 3045 1466 3105 iubeant
1506 3044 1568 3104 in
1611 3062 1808 3104 amore
1850 3044 2116 3104 VEs'rRo
2132 3045 2163 3103 P

843 3233 1118 3310 Augusta
1160 3232 1567 3291 VEs'rRoRUM
1609 3230 1803 3290 omina
1844 3231 2168 3291 nominum!

844 3317 998 3377 Nam
1040 3316 1357 3378 CAROLUM
1389 3316 1756 3376 Anens'run
1797 3316 1933 3376 olim
1971 3315 2290 3376 imitabitur

928 3401 1133 3479 Nepos
1175 3402 1250 3463 ab
1293 3400 1398 3461 illo
1438 3404 1834 3481 nuncupatus,

1013 3486 1201 3560 Quem
1241 3486 1490 3547 Genium
1529 3484 1768 3545 Patriae
1808 3503 2105 3546 vocamus.

844 3671 1193 3734 Germaniae
1237 3672 1399 3749 quid,
1446 3670 1588 3747 quid
1631 3674 1854 3749 populo
1898 3672 2035 3732 boni

844 3758 1171 3819 Germanus
1216 3756 1391 3817 heros
1432 3757 1796 3833 praestiterit
1837 3775 1963 3835 suo,

927 3841 1084 3916 Quid
1126 3842 1351 3903 artibus
1394 3842 1539 3919 quid
1581 3841 1889 3919 litterisve,

1012 3927 1297 4005 OAROLE,
1343 3928 1441 3987 ΤΕ
1483 3926 1813 3987 meminisse
1856 3926 1948 3987 fas
1991 3932 2099 3988 est.

839 4114 918 4173 Et
960 4112 1099 4173 laeti
1140 4113 1535 4174 ALEXANDRI
1577 4112 1892 4190 accipimus
1935 4113 2133 4173 datum

842 4198 987 4259 Cum
1030 4197 1260 4259 nomine
1305 4216 1495 4276 omen,
1538 4197 1692 4258 mitis
1735 4199 2013 4258 avunculi

923 4284 1173 4344 Ardoris
1214 4287 1280 4342 ut
1323 4283 1402 4343 sis
1445 4282 1674 4343 faustus
1717 4283 1929 4343 haeres

1007 4368 1273 4429 Pectoris
1317 4373 1375 4428 et
1417 4369 1692 4445 generosi
1734 4371 1974 4429 amator.
