3499 5219
1822 345 1946 404 210
2034 378 2167 385 ——

710 514 930 584 anima
971 513 1023 595 I,
1072 515 1131 578 3.
1189 505 1416 595 ὥσπερ
1477 508 1892 592 ἐνδεχόμενον
1949 508 2114 574 κατὰ
2162 506 2316 586 roi-9
2360 512 2872 590 Πυθαγορείους
2913 507 3065 587 ,ιιὺ-
3156 552 3165 558 -

715 625 921 690 θους
975 612 1089 697 τὴν
1134 615 1453 696 τυχοῦσαν
1505 611 1715 698 ψυχὴν
1764 613 1855 687 εἰς
1900 613 1977 678 τὸ
2024 610 2215 692 τυχὸν
2262 609 2620 676 ἐνδύεσθαι
2669 615 2894 690 σῶμα,
2956 613 3063 676 ιὼ1

716 717 1041 797 μύθους
1110 719 1616 798 Πυθιγωρειόυς
1686 716 2038 798 mirareris,
2127 715 2180 781 si
2254 714 2336 780 de
2408 715 2698 797 legitima
2771 714 3060 779 doctrina

716 819 1163 908 philosophica
1217 818 1624 901 Pythagorae
1677 816 2083 904 intelligendi
2143 825 2376 883 essent.
2466 817 2686 897 Quid?
2758 816 2931 900 quod
2983 816 3067 882 ad

719 921 1159 1004 Pherecydem
1200 921 1440 1005 ipsum,
1502 920 1909 1004 Pythagorae
1962 927 2474 1003 praeceptorem,
2534 920 2823 988 revocari
2881 939 3066 1003 posse

718 1024 1003 1102 videtur,
1065 1022 1173 1104 qui
1214 1022 1576 1088 Aethalidis
1633 1022 2028 1103 repetentiae
2048 1069 2065 1103 ,
2125 1029 2194 1087 ut
2238 1022 2618 1086 Lucretiano
2663 1022 2861 1087 verbo
2907 1028 3065 1104 utar,

721 1126 1113 1191 mentionem
1153 1122 1390 1190 fecerat
1433 1123 1783 1188 secundum
1827 1142 1971 1188 eum
2016 1130 2372 1204 auctorem,
2435 1142 2626 1205 quem
2680 1130 2932 1189 secutus
2976 1130 3072 1189 est

722 1230 887 1293 alter
946 1213 1293 1292 scholiasta
1333 1227 1634 1309 Apollon.
1680 1225 1889 1290 Rhod.
1935 1226 1985 1306 I,
2043 1230 2186 1290 1545.
2288 1225 2367 1289 In
2424 1226 2548 1290 hac
2605 1232 2821 1291 autem
2879 1225 3071 1288 conti-

722 1326 1350 1410 nuationeterrestri
1393 1326 1647 1394 animae
1678 1327 2104 1410 Pythagorae,
2153 1348 2340 1409 quam
2387 1328 2722 1410 discipulis
2765 1335 3070 1408 tanquam

726 1430 1092 1514 exemplum
1137 1428 1549 1510 συμβολικῶς
1591 1429 1733 1512 ipse
1777 1431 2124 1513 proposuit,
2172 1438 2409 1495 certam
2456 1430 2784 1511 quandam
2822 1434 3070 1502 senten-

726 1533 881 1600 tiam
923 1532 1136 1595 inesse
1179 1532 1404 1612 negari
1445 1551 1574 1595 non
1620 1531 1871 1614 poterit.
1961 1532 2056 1596 Ae
2099 1532 2373 1615 primum
2424 1532 2714 1613 quidem,
2777 1529 2951 1612 quod
3005 1530 3070 1593 in

727 1636 849 1700 hae
892 1654 962 1699 re
1007 1641 1105 1698 est
1144 1632 1620 1714 gravissimum,
1680 1634 1962 1697 animam
2023 1655 2202 1700 suam
2252 1655 2293 1698 a
2336 1634 2451 1697 deo
2497 1636 2631 1717 ipso
2677 1639 3071 1716 procreatam

727 1757 870 1803 esse
911 1737 1033 1800 hac
1075 1733 1295 1798 fabula
1341 1732 1554 1798 docuit
1583 1734 1986 1818 Pythagoras
2030 1735 2380 1800 secundum
2408 1736 2738 1818 antiquum
2768 1733 3069 1817 placitum

727 1823 904 1923 apud
959 1835 1223 1902 Hesiod.
1284 1833 1402 1918 Op.
1459 1839 1591 1900 108.
1653 1830 1742 1911 (ὗς
1801 1830 2116 1915 ὁμόθεν
2172 1835 2444 1918 γεγάασι
2502 1838 2655 1900 θεοὶ
2716 1832 2957 1920 θνητοί
3012 1830 3069 1896 ἰ’

732 1936 1106 2020 ἅνθρωποι.
1175 1937 1553 2002 Aethalides
1597 1939 1769 2002 enim
1811 1938 1931 2004 fuit
1972 1940 2282 2020 Mercurii,
2328 1939 2433 2005 dei
2477 1939 2803 2017 scientiae,
2852 1938 3073 2024 filius¹)

731 2062 855 2124 quo
912 2040 1199 2103 indicare
1257 2039 1535 2104 voluisse
1591 2040 1845 2104 videtur
1901 2040 2353 2124 philosophus,
2413 2041 2695 2105 animam
2756 2061 2939 2105 suam
2995 2040 3074 2104 ab

731 2142 914 2207 initio
959 2140 1152 2206 fuisse
1197 2141 1666 2224 philosopham.
1755 2141 1949 2206 Porro
1995 2142 2046 2207 si
2088 2143 2502 2225 Euphorbum
2548 2143 2758 2212 (Hom.
2790 2144 2869 2205 Il.
2902 2141 3071 2220 XVI,

736 2247 879 2310 808.
928 2246 1069 2308 850.
1117 2241 1326 2321 XVII,
1376 2245 1476 2305 59.
1522 2244 1647 2320 81.)
1694 2250 1922 2326 postea
1964 2264 2034 2309 se
2077 2244 2272 2310 fuisse
2319 2244 2481 2309 dixit
2523 2245 2947 2327 Pythagoras,
2993 2242 3075 2307 ad

734 2344 1056 2428 Apollinis
1115 2363 1295 2408 sacra
1350 2344 1472 2409 hoe
1527 2344 1838 2428 pertinet,
1910 2365 2073 2426 quae
2129 2345 2420 2429 inprimis
2476 2347 2750 2411 coluisse
2808 2347 3078 2429 philoso-

735 2446 934 2530 phum
978 2451 1226 2509 constat
1267 2445 1434 2512 inter
1463 2464 1684 2510 omnes
1701 2446 1768 2521 2).
1834 2446 2002 2510 Nam
2034 2448 2417 2530 Euphorbus
2446 2447 2612 2513 filius
2642 2448 2759 2512 fuit
2787 2448 3079 2526 Panthoi,

737 2547 1059 2632 Apollinis
1130 2545 1477 2612 sacerdotis
1493 2547 1559 2623 ³).
1660 2546 1793 2614 Sed
1851 2567 1973 2630 quo
2030 2548 2220 2615 modo
2284 2549 2520 2616 factum
2589 2552 2700 2631 sit,
2775 2556 2845 2614 ut
2912 2547 3082 2615 idem

739 2649 1155 2733 Euphorbus,
1215 2655 1284 2713 ut
1335 2648 1620 2731 videtur,
1681 2671 1798 2733 pro
1842 2652 2046 2733 primo
2089 2659 2419 2734 geometra
2459 2653 2802 2718 haberetur
2844 2658 3082 2735 postea,

740 2772 873 2817 non
930 2751 1083 2816 satis
1138 2751 1474 2833 perspicio.
1579 2753 1679 2815 Ita
1735 2772 1887 2817 vero
1944 2755 2140 2836 plane
2199 2753 2629 2819 Callimachus
2686 2754 3086 2820 doctissimus

740 2860 934 2937 poeta
989 2851 1165 2935 apud
1219 2851 1412 2917 Diod.
1470 2853 1595 2919 Sic.
1652 2854 1821 2919 Bibl.
1869 2855 2024 2938 VII,
2085 2860 2185 2920 35.
2242 2856 2310 2920 in
2367 2858 2680 2941 excerptis
2729 2856 3084 2922 Vaticanis:

744 2949 850 3018 ὅτι
897 2953 1315 3034 Καλλίμαχος
1363 2947 1509 3019 εἷπε
1557 2956 1711 3039 περὶ
1757 2953 2169 3040 Πυθαγόρου
2216 2955 2389 3022 διότι
2434 2960 2563 3022 τῶν
2613 2958 2676 3021 ἐν
2725 2962 3087 3042 γεωμετρίᾳ

743 3054 1229 3141 προβλημάτων
1274 3054 1357 3121 τὰ
1399 3055 1517 3138 μὲν
1567 3045 1712 3139 εἶρε
1757 3057 1841 3122 τὰ
1887 3056 1959 3124 δὲ
2004 3056 2074 3136 ἐξ
2099 3057 2455 3141 Αἰγύπτου
2503 3063 2770 3142 πρῶτος
2807 3058 2901 3136 εἰς
2939 3059 3087 3134 τοὺς

725 3153 1042 3241 Ἕλληνας
1101 3152 1387 3240 ἤνεγκεν,
1449 3154 1515 3223 ἕν
1572 3152 1673 3236 οἷς
1731 3152 1835 3223 ὅτ’
1899 3162 1965 3235 (l.
2013 3155 2152 3238 ἅτ’)
2212 3159 2426 3242 ἐξεῦρε
2487 3162 2670 3242 Φρὺξ
2727 3160 3084 3245 Εὔφορβος,

748 3255 932 3335 ὅστις
978 3252 1373 3341 ἀνθρώποις
1419 3266 1701 3342 τρίγωνα
1747 3262 1856 3326 καὶ
1902 3263 1969 3342 (l.
2007 3259 2113 3340 τὰ)
2161 3262 2448 3349 σκαληνὰ
2493 3266 2599 3335 καὶ
2643 3262 2843 3328 κίκλα
2891 3262 3092 3329 ἕπτα-

747 3359 913 3444 μήκη
961 3358 1217 3437 ἐδίδαξε
1260 3395 1346 3406 -
1391 3359 1685 3443 νηστύειν
1738 3365 1870 3427 τῶν
1919 3362 2367 3446 ἐμπνεόντων,
2431 3368 2497 3431 οἳ.
2552 3360 2701 3428 τάδ’
2756 3361 2868 3447 οἰχ
2926 3360 3093 3449 ὑπή-

748 3484 972 3526 κουσιν
1047 3459 1321 3538 πάντες,
1402 3462 1483 3528 de
1546 3485 1669 3547 quo
1727 3466 1868 3530 loco
1924 3488 1983 3531 v.
2043 3467 2322 3533 Heckeri
2380 3469 2462 3534 de
2517 3470 2779 3534 Anthol.
2840 3490 2902 3552 p.
2951 3474 3091 3535 371.

749 3571 1003 3629 acutam
1047 3563 1450 3631 sententiam.
1540 3565 1632 3631 Cf.
1678 3568 1864 3651 Diog.
1912 3569 1984 3633 L.
2032 3569 2081 3649 I,
2131 3573 2230 3634 22.
2278 3577 2341 3635 et
2384 3571 2715 3636 Iamblich.
2762 3572 2870 3636 vit.
2906 3572 3090 3656 Pyth.

764 3669 854 3729 14.
901 3665 1008 3746 qui
1052 3665 1466 3748 Euphorbum
1514 3668 1904 3734 homericum
1950 3671 2103 3735 dicit
2148 3669 2497 3754 Εὔφορβον
2541 3670 2655 3736 τὸν
2705 3670 2965 3755 Φρύγα,
3030 3681 3096 3738 ut

749 3768 952 3849 plane
1018 3765 1190 3833 idem
1262 3768 1457 3834 fuisse
1527 3770 1821 3836 videatur
1891 3792 2033 3836 cum
2104 3794 2180 3838 eo
2240 3794 2427 3857 quem
2485 3784 2877 3858 geometram
2937 3776 3096 3841 dixit

753 3867 1203 3934 Callimachus

893 4122 926 4177 ¹)
962 4122 1022 4173 V.
1061 4121 1119 4172 (16
1158 4124 1421 4174 Aethalide
1451 4124 1618 4177 Schol.
1646 4126 1816 4189 Apoll.
1843 4127 1935 4177 Rh.
1966 4128 2008 4187 Ι,
2045 4131 2160 4180 645.
2300 4129 2337 4187 ²)
2374 4131 2431 4181 V.
2471 4132 2526 4181 Ο.
2554 4132 2724 4182 Muell.
2754 4132 2872 4182 Dor.
2901 4133 2942 4193 Ι,
2980 4135 3094 4185 365.

891 4208 926 4260 ³)
964 4209 1220 4274 Apollinis
1246 4210 1368 4259 adeo
1395 4210 1552 4259 filium
1578 4212 1919 4277 Pythagoram
1945 4213 2141 4262 dixerat
2170 4222 2319 4279 poeta
2343 4217 2543 4280 quidam
2575 4217 2787 4266 Samius
2835 4217 2893 4266 V.
2922 4218 3094 4267 Iambl.

753 4282 844 4341 vi‘.
886 4294 1031 4359 Pyth.
1070 4295 1116 4344 2.
1171 4292 1243 4344 Cf.
1284 4295 1525 4357 Gerhard,
1563 4296 1645 4345 die
1683 4297 1935 4360 Orphikcr
1970 4314 2021 4362 p.
2058 4301 2142 4351 49.
