3499 5219
1667 414 2233 478 —258—

780 572 1037 670 quidem
1091 583 1263 667 quod
1315 591 1510 668 poeta
1551 604 1612 647 v.
1665 588 1718 648 1.
1764 582 1920 647 dit-it
1971 601 2046 649 se
2087 583 2302 649 odisse
2345 584 2642 667 cyclicum
2686 601 2936 645 carmen
2972 584 3017 647 i.
3062 604 3123 649 e.
3158 590 3167 595 “

780 689 1043 772 longum
1085 694 1151 752 et
1190 707 1322 751 non
1365 685 1554 751 unius
1596 686 1984 768 argumenti,
2044 685 2160 751 sed
2215 686 2380 750 varii
2435 686 2791 768 leviterque
2844 685 3012 751 iuter
3050 707 3125 751 se

784 790 1088 870 connexi,
1143 788 1286 854 sine
1327 787 1523 852 dubio
1567 794 1666 852 est
1705 788 1907 872 ipsius
1952 785 2363 867 Callimachi,
2406 787 2517 870 qui
2560 788 2824 870 longum
2862 805 3125 853 carmen

784 893 941 958 alibi
983 891 1238 957 dixerat
1275 894 1441 972 μέγα
1484 887 1677 953 κακόν
1697 919 1703 928 ·
1723 898 1788 955 et
1840 890 1910 955 in
1965 890 2287 956 sententia
2341 889 2427 955 de
2468 889 2713 973 cyclica
2753 890 2935 973 poesi
2976 909 3123 954 con-

785 993 1022 1062 sentire
1059 992 1315 1057 videtur
1353 1011 1497 1057 cum
1542 991 1884 1058 Aristotele
1939 998 2108 1075 poet.
2166 995 2227 1058 8.
2301 993 2403 1057 De
2445 991 2626 1074 epico
2683 991 2863 1075 cyclo
2878 1039 2894 1071 ,
2962 1010 3128 1074 quae

786 1102 886 1163 est
923 1094 1250 1161 Wedckeri
1291 1093 1614 1160 sententia
1655 1093 1939 1177 (Episcb.
1972 1092 2147 1177 Cycl.
2192 1094 2245 1158 Ι.
2289 1113 2352 1175 p.
2405 1097 2591 1174 111.),
2634 1092 2956 1175 cogitasse
2996 1113 3126 1158 nou

785 1195 1055 1263 videtur.

955 1296 1204 1364 Eodem
1256 1316 1447 1364 versu
1503 1316 1668 1379 (χω
1722 1297 1831 1361 via
1885 1296 2116 1362 dicitur
2170 1289 2324 1361 οὐδὲ
2376 1293 2673 1379 κελεύθῳ
2717 1291 2960 1375 χαίρω,
3018 1291 3119 1371 τίς

791 1396 1077 1475 πολλοὺς
1123 1385 1251 1464 ὦδε
1292 1399 1400 1462 καὶ
1447 1386 1575 1464 ὧδε
1620 1402 1808 1481 φέρει
1839 1417 1920 1463 ea
1945 1398 2056 1463 via
2098 1399 2182 1463 ab
2213 1397 2441 1464 eodem
2473 1397 2872 1463 Callimacho
2903 1397 3122 1480 Epigr.

755 1491 966 1567 vm.
1010 1496 1274 1588 καθαρῇ
1323 1494 1478 1577 ὁδός
1528 1501 1658 1578 (vel
1699 1498 2043 1575 κέλευθος)
2099 1499 2345 1566 dicitur.
2418 1499 2675 1566 Deinde
2729 1499 2903 1581 quod
2955 1520 3019 1563 v,
3068 1504 3125 1564 2.

787 1611 980 1687 poeta
1020 1610 1086 1667 τί
1090 1627 1123 1679 ς
1165 1602 1330 1667 dixit
1371 1623 1487 1686 pro
1529 1595 1603 1685 ἥ,
1665 1623 1812 1667 ram
1857 1600 2115 1684 quidem
2157 1602 2480 1667 invenitur
2493 1649 2510 1684 ‚
2566 1601 2686 1667 sed
2730 1600 3127 1666 Callimacho

787 1725 1046 1788 prorsus
1087 1712 1185 1770 est
1231 1703 1511 1787 dignum,
1557 1703 1666 1786 qui
1692 1703 1999 1769 inusitata
2026 1711 2318 1785 sectatur,
2358 1703 2630 1786 ipsoque
2668 1703 2956 1769 carmine
2986 1722 3128 1768 con-

787 1807 990 1873 tessus
1033 1813 1130 1872 est
1167 1825 1244 1871 se
1284 1825 1589 1889 spernere
1632 1806 1943 1887 volgaria.
2018 1805 2125 1871 Sic
2176 1805 2397 1889 hymn.
2440 1806 2509 1870 in
2551 1805 2764 1888 Apoll.
2812 1808 2915 1868 94.
2961 1802 3126 1868 τόσα

789 1928 941 1974 usus
983 1915 1083 1974 est
1123 1928 1239 1991 pro
1285 1901 1431 1984 ὅσα,
1477 1907 1643 1972 alias
1684 1903 1848 1970 vei-'n
1877 1927 1992 1989 pro
2025 1900 2146 1971 ὅθι
2178 1913 2264 1986 (v.
2297 1907 2620 1972 Naekium
2664 1908 2706 1971 l.
2751 1905 2795 1971 l.
2840 1927 2904 1990 p.
2938 1908 3125 1982 573.)-

788 2009 1117 2075 Iacobsius
1146 2016 1482 2091 praeterea
1509 2009 1597 2076 ad
1623 2009 1886 2074 Anthol.
1917 2010 2122 2074 Palat.
2148 2010 2266 2073 III.
2298 2031 2363 2093 p.
2397 2013 2538 2073 740.
2571 2010 2938 2091 exemplum
2966 2008 3127 2072 illud

788 2111 1051 2194 protulit
1093 2107 1242 2175 τίνα
1286 2104 1351 2174 δ’
1401 2104 1445 2174 ἆ
1481 2108 1737 2194 Κύπρις
1771 2103 1887 2174 οὐκ
1917 2107 2249 2194 ἐφίλασεν,
2297 2104 2412 2174 οὐκ
2452 2102 2627 2175 οἶδεν
2672 2106 2866 2191 τήνας
2913 2105 3123 2173 ἄνθεα

790 2215 961 2277 ποῖα
1003 2207 1185 2295 ῥοδά.
1251 2213 1631 2295 Antiquiora
1674 2201 2156 2294 significationis
2199 2217 2301 2288 τίς
2343 2212 2738 2296 pronominis
2782 2232 2899 2294 pro
2946 2206 3126 2286 ὅστις

791 2315 983 2381 etiam
1027 2314 1200 2397 apud
1228 2315 1474 2380 Atticos
1518 2316 1818 2398 exempla
1863 2313 1971 2392 (de
2013 2315 2242 2396 quibus
2286 2314 2623 2379 dubitabat
2651 2314 2723 2378 F.
2754 2315 2833 2379 A.
2866 2312 3127 2379 Wolfius

789 2418 858 2481 in
918 2414 1132 2481 indice
1187 2415 1274 2481 ad
1327 2416 1706 2499 Leptineam
1761 2416 2238 2494 Demosthenis)
2296 2416 2563 2500 praebet
2608 2415 2683 2480 G.
2728 2413 3129 2481 Hermannus

791 2517 878 2583 ad
920 2517 1227 2601 Aeschyli
1268 2518 1495 2600 Agam.
1561 2520 1741 2580 1121.
1816 2516 1948 2582 Sed
2003 2517 2316 2583 habemus
2371 2516 2538 2583 adeo
2591 2517 2758 2582 inter
2799 2516 3128 2601 pedestres

793 2621 1135 2703 scriptores
1177 2619 1366 2684 huius
1407 2639 1559 2685 usus
1602 2626 1925 2685 auctorem
1953 2619 2363 2686 Aristotelem
2391 2619 2461 2684 in
2502 2619 2852 2685 notissimis
2893 2620 3022 2685 illis
3051 2616 3115 2683 τί

661 2734 666 2741 ’
793 2726 860 2786 τί
899 2709 977 2807 ἦν
1024 2729 1195 2785 εἶναι
1240 2726 1305 2785 et
1346 2718 1422 2783 τὸ
1467 2726 1532 2784 τί
1576 2718 1774 2798 ἐστιν,
1822 2742 2087 2804 quorum
2129 2722 2513 2787 sententiam
2554 2719 2909 2786 declaravit
2936 2723 3130 2786 Tren-

795 2821 1247 2904 delenburgius
1291 2821 1473 2902 (Mus.
1517 2823 1724 2888 Rhen.
1767 2823 1854 2887 Π.
1897 2843 1960 2906 p.
2005 2827 2129 2887 457
2175 2842 2269 2905 sq.
2315 2829 2380 2887 et
2422 2829 2757 2888 comment.
2795 2823 2867 2888 in
2894 2823 3131 2888 Aristo-

792 2927 986 2991 telem
1032 2924 1113 2989 de
1156 2923 1349 2989 anim.
1395 2943 1460 3006 p.
1513 2926 1650 2988 197.
1679 2927 1871 3006 507.),
1915 2925 2009 2990 ita
2036 2932 2253 2990 tamen
2283 2931 2353 2989 ut
2382 2931 2781 2990 converteret
2811 2929 2897 3008 (p.
2928 2927 3129 3002 481.):

795 3029 907 3091 das
949 3048 1072 3089 was
1117 3047 1247 3087 war
1290 3025 1403 3088 das
1448 3023 1637 3109 Seyn,
1684 3026 1745 3088 d.
1776 3026 1837 3089 h.
1869 3026 1982 3089 das
2008 3025 2307 3109 qedaclzte
2348 3025 2566 3089 Wesen
2608 3047 2725 3089 vor·
2769 3027 2884 3089 der
2927 3026 3132 3088 Wz'rlc-

794 3126 1047 3191 lichkeit
1087 3126 1202 3188 det·
1247 3124 1479 3204 Sacke3
1524 3128 1737 3210 aptius
1783 3128 1902 3195 erit
1942 3128 1999 3194 si
2041 3126 2195 3210 quid
2237 3127 2460 3194 video:
2503 3127 2617 3191 das
2663 3126 2834 3212 Seyn
2877 3127 3132 3191 welches

796 3250 914 3293 von
956 3227 1152 3313 jebet·
1206 3248 1371 3299 war,-
1431 3228 1518 3293 ad
1561 3229 2140 3312 Trendelenburgii
2196 3229 2368 3294 enim
2424 3230 2809 3296 sententiam
2866 3229 3132 3296 dixisset

795 3330 1170 3397 Aristoteles
1213 3324 1289 3391 τὸ
1334 3323 1403 3392 τί
1441 3317 1519 3413 ἧν
1564 3328 1640 3393 τὸ
1701 3323 1889 3396 εἶναι.
1977 3331 2094 3413 At,
2150 3330 2420 3397 fortasse
2470 3338 2740 3413 quaerat
2796 3332 3129 3416 quispiam,

797 3431 1019 3515 quidni
1061 3429 1433 3512 simpliciter
1475 3431 1853 3498 Aristoteles
1899 3431 2059 3497 dixit
2101 3430 2176 3496 τὸ
2224 3429 2258 3495 ὃ
2303 3420 2379 3514 ἧν
2439 3425 2607 3496 εἶναι
2623 3432 2659 3495 ‘?
2728 3432 2884 3499 Sine
2941 3432 3130 3498 dubio

797 3554 879 3599 ne
934 3531 1222 3598 celeriter
1276 3532 1758 3614 pronunciando
1814 3535 2201 3600 coalesceret
2263 3536 2534 3599 alterum
2598 3555 2636 3598 o
2668 3534 2673 3541 ’
2701 3552 2845 3601 cum
2906 3535 3129 3614 altem,

796 3653 962 3699 neve
1005 3633 1251 3698 duobus
1295 3634 1649 3700 enunciatis
1703 3634 1772 3698 id
1831 3636 2186 3718 exprimere
2228 3635 2553 3701 videretur
2607 3634 2778 3718 quod
2834 3656 2949 3719 pro
3004 3657 3130 3700 uno

799 3735 980 3818 quasi
1021 3734 1333 3800 vocabulo
1376 3734 1601 3801 haberi
1642 3737 1863 3801 voluit.

968 3837 1047 3900 In
1091 3834 1466 3900 Callimachi
1508 3837 1700 3919 igitur
1755 3839 1893 3903 loco
1938 3837 2375 3904 Blomfieldius
2417 3834 2843 3904 audacissime
2885 3837 3132 3920 scripsit

794 3935 1037 4019 χαίρω,
1084 3935 1159 4022 τὴ
1206 3933 1527 4015 πολλούς,
1573 3940 1818 4004 scilicet
1870 3947 1941 4005 ut
1993 3940 2424 4023 importunum
2480 3939 2645 4004 illud
2686 3935 2788 4015 τίς
2830 3959 2947 4023 pro
2989 3933 3130 4023 ἥτις

800 4040 1171 4124 expelleret.
1258 4038 1344 4103 At
1400 4060 1603 4106 novas
1658 4042 1763 4106 vel
1821 4042 2072 4107 articuli
2114 4043 2219 4108 vel
2274 4041 2670 4124 pronominis
2710 4041 2947 4107 formas
2990 4061 3127 4107 con-

799 4141 1038 4224 fingere
1092 4138 1333 4207 nemini
1387 4140 1556 4205 licet.
1653 4142 1869 4208 Satius
1923 4150 2060 4209 erat
2126 4164 2186 4209 v,
2245 4148 2304 4209 3.
2377 4142 2694 4226 corrigere
2766 4135 2913 4206 οὐδ’
2990 4138 3122 4206 ἀπὸ

798 4240 1030 4326 κρήνης
1073 4238 1267 4305 πίνω.
1340 4241 1523 4307 Idem
1553 4243 1990 4310 Blomfieldius
2033 4265 2093 4310 v.
2127 4251 2183 4309 5.
2230 4265 2373 4309 cum
2415 4247 2609 4311 Anna
2648 4244 2842 4310 Fabri
2885 4244 3132 4328 scripsit

798 4348 1113 4409 Λυσανία
1168 4362 1285 4426 pro
1340 4341 1684 4429 Λυσανίη,
1760 4352 1831 4410 ut
1883 4346 1983 4410 vir
2036 4366 2166 4412 nom
2218 4347 2458 4412 femina
2512 4347 2938 4428 intelligatur,
3012 4364 3130 4428 quo
