3499 5219
1256 463 1822 525 ——289—

363 626 435 692 id
480 625 651 709 quod
703 628 970 692 vetitum
1028 635 1125 694 est
1178 636 1404 712 postea
1459 630 1606 713 lege
1650 628 1932 696 Caecilia
1987 636 2053 696 et
2092 630 2291 697 Didia
2333 628 2452 713 (of.
2498 655 2713 718 perso-

364 735 588 793 natum
644 728 928 794 Ciceron.
985 751 1101 814 pro
1158 730 1326 796 dom.
1386 733 1491 808 20)
1509 781 1525 814 ,
1585 733 1762 798 cuius
1817 753 2066 798 summa
2121 740 2220 799 est
2273 734 2449 819 apud
2503 737 2587 802 M.
2632 740 2708 802 T.

371 829 658 895 Ciceron.
719 830 802 896 de
854 833 1023 914 legg.
1070 832 1201 915 ΠΙ,
1248 837 1308 898 4.
1354 855 1431 895 ne
1468 835 1613 918 plus
1656 855 1838 920 quam
1884 834 1960 896 de
2001 836 2258 918 sz‘nyulis
2299 836 2485 899 rebus
2526 840 2713 902 simul

364 933 728 995 consummo
746 935 762 965 ¹
765 933 831 1012 ),·
899 933 1134 998 deinde
1191 954 1273 1000 ex
1328 937 1404 1000 T.
1462 936 1632 1000 Livii
1685 931 1912 1001 verbis
1959 936 2105 1019 (VI,
2165 939 2270 1014 38)
2328 959 2459 1004 non
2515 941 2711 1024 plane

364 1035 762 1118 perspicitur,
809 1036 1184 1119 perlataene
1223 1036 1458 1102 fuerint
1497 1034 1624 1103 hae
1666 1037 2031 1120 rogationes
2087 1059 2128 1104 a
2172 1038 2418 1106 Licinio
2464 1041 2710 1109 Sextio-

362 1129 489 1219 que
543 1139 648 1202 vel
702 1135 882 1201 irrita
934 1137 1105 1202 facta
1160 1138 1615 1205 intercessione
1685 1139 2108 1223 collegarum,
2175 1142 2352 1207 cuius
2406 1144 2499 1209 rei
2565 1145 2710 1229 ipsa

361 1245 619 1304 saturae
660 1238 822 1303 ratio
866 1259 1063 1304 causa
1105 1259 1248 1306 esse
1290 1241 1512 1325 potuit,
1559 1262 1645 1306 an
1686 1241 1770 1306 M.
1815 1240 2043 1307 Furius
2088 1240 2396 1309 Camillus
2439 1245 2710 1312 dictator

361 1340 431 1404 in
475 1339 763 1405 ordinem
806 1361 846 1405 a
895 1341 1168 1407 tribunis
1223 1350 1478 1408 coactus
1532 1349 1782 1408 tantum
1837 1349 2141 1408 terrorem
2197 1345 2389 1411 etiam
2442 1347 2708 1413 interce-

365 1441 663 1507 dentibus
719 1443 1086 1524 incusserit,
1143 1450 1213 1508 ut
1266 1444 1450 1510 fracti
1505 1445 1736 1510 animis
1796 1464 1836 1508 a
1893 1445 2218 1529 proposito
2263 1447 2705 1535 abstinuerint.

364 1541 442 1607 Id
484 1564 636 1609 vero
681 1551 920 1609 certum
966 1535 1080 1626 est,
1125 1551 1341 1628 patres
1384 1552 1676 1612 auctores
1730 1546 1932 1611 factos
1990 1566 2133 1611 esse
2192 1550 2485 1615 omnibus
2526 1572 2707 1637 roga-

361 1643 670 1728 tionibus,
730 1653 1065 1730 postquam
1123 1654 1370 1729 partem
1426 1649 1824 1731 consulat-us,
1892 1654 2289 1731 praeturam,
2358 1651 2483 1716 sibi
2548 1636 2705 1720 solis

359 1747 794 1813 extorsissent.

532 1850 632 1913 Ex
677 1855 974 1933 quattuor
1015 1855 1227 1916 autem
1269 1851 1445 1934 locis,
1488 1852 1556 1917 in
1599 1871 1758 1933 quos
1800 1851 2192 1935 reipublicae
2233 1852 2504 1918 formam
2548 1854 2707 1920 divi-

359 1957 580 2015 serant
621 1951 860 2016 tribuni
902 1953 1143 2035 plebis,
1201 1952 1365 2018 alter
1418 1955 1530 2019 ille
1545 2002 1561 2035 ,
1623 1953 1730 2038 qui
1783 1953 1851 2017 in
1908 1954 2350 2019 constituendo
2408 1956 2719 2041 agrorum'

278 2050 281 2053 ’
360 2051 551 2117 modo
608 2053 928 2135 consistit,
987 2047 1265 2119 manime
1320 2054 1691 2121 accendisse
1734 2054 1989 2120 videtur
2043 2055 2291 2121 animos
2347 2055 2702 2135 Quiritium.

358 2154 570 2236 Atque
615 2154 695 2219 de
738 2154 860 2219 hoc
903 2154 1161 2236 quidem
1204 2176 1374 2221 nunc
1417 2157 1602 2222 nobis
1646 2177 1854 2222 sermo
1902 2164 2016 2223 est.
2105 2158 2366 2240 Legitur
2422 2159 2590 2223 enim
2636 2159 2704 2225 in

360 2255 444 2320 M.
489 2252 772 2321 Terentii
817 2255 1123 2323 Varronis
1165 2257 1330 2322 libro
1375 2259 1579 2341 primo
1640 2257 1720 2323 de
1778 2278 1847 2323 re
1901 2259 2165 2342 rustica,
2224 2278 2364 2343 cap.
2424 2263 2482 2324 2.
2506 2262 2704 2331 ,locus

358 2463 452 2508 est.
518 2458 594 2509 cf.
618 2459 732 2509 Liv.
759 2461 841 2521 26,
884 2461 961 2510 18.
993 2460 1056 2509 al.
1117 2460 1239 2511 Sall.
1275 2461 1387 2526 Iug.
1425 2463 1504 2512 29.
1544 2461 1688 2526 quasi
1724 2477 1814 2525 per
1850 2466 2072 2510 saturam
2108 2461 2382 2525 exquisitis
2419 2463 2701 2513 sententiis.

360 2543 435 2593 De
472 2543 656 2593 Satura
689 2543 871 2594 Isidor.
899 2545 1037 2608 Orig.
1063 2545 1122 2606 V,
1165 2547 1239 2597 16.
1310 2546 1568 2597 Mazocchi
1605 2546 1669 2595 ad
1705 2545 1828 2596 Tab.
1865 2546 2069 2597 Heracl.
2106 2561 2155 2611 p.
2182 2547 2296 2598 479.
2368 2547 2502 2595 Fest.
2538 2563 2585 2598 v.
2622 2563 2701 2597 sa-

360 2634 490 2679 tura.
519 2658 580 2667 --
614 2630 722 2679 Lex
756 2629 932 2680 multis
968 2631 1085 2681 aliis
1118 2630 1317 2695 legibus
1351 2630 1536 2680 referta
1571 2631 1743 2695 itaque
1780 2632 1833 2680 in
1872 2632 2133 2682 sanctione
2168 2632 2337 2695 legum
2372 2632 2701 2684 adscribitur:

359 2729 483 2764 neve
517 2730 609 2779 per
644 2718 865 2764 saturam
900 2715 1143 2780 abrogato
1179 2720 1268 2765 aut
1301 2715 1556 2780 derogato.
1631 2718 1906 2779 Propterea
1940 2721 2075 2766 recte
2111 2715 2316 2765 additur
2348 2716 2403 2765 in
2439 2717 2551 2781 lege
2586 2718 2702 2768 Ser-

356 2797 507 2847 vilia:
552 2815 703 2863 quom
739 2798 901 2849 tribus
936 2802 1064 2851 intro
1099 2798 1427 2861 vocabuntur,
1465 2801 1598 2864 quod
1631 2800 1854 2864 intelligi
1893 2801 1953 2849 de
1989 2801 2146 2864 septis
2181 2801 2236 2850 in
2272 2800 2380 2850 foro
2416 2801 2565 2852 debet
2600 2804 2704 2854 sive

358 2883 421 2933 de
457 2884 680 2933 comitiis
716 2884 813 2933 rite
848 2884 1117 2935 institutis·
1185 2884 1259 2933 De
1308 2888 1479 2934 satura
1525 2890 1576 2934 et
1618 2886 1725 2935 eius
1761 2884 2016 2950 opposite,
2052 2885 2301 2935 divisione
2336 2888 2701 2937 sententiarum

360 2985 404 3018 v.
443 2968 612 3018 Schol.
637 2968 873 3020 Bobiens.
909 2984 960 3033 p.
986 2970 1104 3020 282.
1240 2969 1275 3030 ¹)
1310 2969 1461 3019 Hanc
1495 2969 1655 3034 legem
1689 2968 1948 3019 Ciceronis
1996 2969 2201 3019 eandem
2249 2985 2354 3019 esse
2393 2985 2508 3020 cum
2543 2974 2702 3022 vetita

357 3052 528 3117 legum
562 3057 735 3102 satura
768 3057 902 3104 recte
937 3052 1296 3102 animadvertit
1335 3053 1600 3103 Turnebus
1648 3054 1711 3103 ad
1757 3053 1925 3103 16611111
1970 3052 2229 3103 Ciceronis
2277 3053 2564 3118 laudatum,
2611 3057 2702 3120 qui

358 3142 526 3187 tamen
575 3137 747 3187 eodem
788 3138 900 3187 loco
945 3137 1121 3202 paullo
1169 3143 1285 3202 post
1329 3138 1389 3187 de
1435 3138 1721 3203 privilegiis
1769 3139 2069 3203 quibuscum
2114 3142 2336 3187 saturam
2370 3140 2703 3190 coniunxerat

356 3220 535 3272 Cicero
569 3224 737 3272 minus
772 3223 898 3272 bene
926 3222 1175 3287 exposuit.
1232 3223 1564 3287 Privilegium
1598 3224 1868 3288 antiquum
1902 3222 2025 3287 quid
2061 3223 2130 3271 sit
2165 3223 2354 3288 optime
2390 3226 2700 3290 perspicitur

357 3323 419 3356 ex
437 3307 634 3356 rhetore
652 3307 831 3367 latino,
857 3308 945 3371 qui
974 3307 1064 3356 sub
1077 3308 1331 3358 Heracliti
1341 3308 1557 3372 Ephesii
1585 3308 1787 3358 nomine
1814 3308 2057 3372 epistolas
2080 3305 2379 3357 subditicias
2398 3310 2697 3375 composuit.

358 3393 411 3441 Is
437 3392 571 3441 enim
601 3392 695 3453 (ed.
721 3391 835 3443 Ald.
871 3392 927 3441 T.
947 3393 1018 3442 II.
1054 3392 1141 3443 fol.
1162 3387 1221 3454 ξ’,
1258 3393 1339 3441 ΙΠ
1363 3402 1522 3444 verso)
1550 3388 1922 3459 πυνθάνομαι,
1961 3393 2148 3457 inquit,
2181 3390 2465 3458 Ἐφεσίους
2488 3392 2699 3461 μέλλειν

358 3471 700 3550 εἰσηγεῖσθαι
733 3475 909 3544 νόμον
942 3471 1065 3526 κατ’
1106 3473 1240 3543 ἐμοῦ
1277 3473 1653 3545 ἀνομώτατον.
1732 3470 1907 3532 οὐδεὶς
1939 3474 2048 3545 γὰρ
2086 3471 2255 3543 νόμος
2287 3471 2378 3545 ἐφ’
2431 3474 2551 3532 ἑνὸς
2586 3472 2692 3529 ἀλλ’

355 3555 655 3629 ἀνάκρισις.
717 3556 810 3611 οὔκ
858 3557 1041 3612 ἴσασιν
1086 3553 1331 3628 Ἐφέσιοι
1379 3555 1465 3611 ὅτι
1510 3556 1697 3627 ἕτερον
1744 3558 2000 3623 δικαστὴς
2046 3560 2382 3629 νομοθέτου,
2435 3560 2525 3612 καὶ
2572 3559 2700 3615 τάδε

358 3640 587 3714 ἄμεινον
620 3641 734 3695 ἐπεὶ
767 3637 1151 3713 άμαθέστερον
1184 3643 1323 3711 πρὸς
1358 3639 1559 3707 ἄδηλον
1595 3642 1693 3695 τὸν
1724 3644 1990 3713 μέλλοντα
2024 3643 2275 3713 πράξειν·
2316 3642 2343 3695 ὅ
2375 3644 2432 3698 δὲ
2466 3644 2698 3707 δικάζων

361 3726 464 3799 ὁρᾷ
512 3728 609 3780 τὸν
655 3727 979 3798 κρινόμενον
1015 3718 1060 3797 ᾧ
1096 3728 1428 3781 συνάπτεται
1463 3729 1524 3780 τὸ
1561 3727 1757 3786 πάθος.
1818 3728 1995 3780 ’Ὶσασὶ
2037 3748 2136 3797 με,
2182 3726 2522 3800 Ἑρμόδωρε,
2574 3749 2697 3783 συν-

355 3810 786 3882 τεχνητεύσαντά
833 3829 923 3865 σοι
964 3813 1090 3871 τοὺς
1127 3812 1330 3884 νόμους
1362 3809 1500 3883 κάμὲ
1534 3811 1723 3866 ἐλάσαι
1756 3811 2063 3880 βούλονται,
2104 3809 2209 3865 ἀλλ’
2252 3809 2314 3865 οὗ
2353 3811 2526 3880 [ἀλλὰ]
2563 3812 2696 3884 πρό-

358 3916 518 3967 τερον
564 3894 593 3961 ἢ
642 3896 848 3965 ἐλέγξαι
897 3894 1091 3955 αὐτοὺς
1136 3896 1218 3951 ἔτι
1265 3894 1427 3950 ἄδικα
1475 3896 1777 3967 ἐγνώκασιν
1824 3896 1923 3951 τὸν
1967 3896 2042 3968 μὴ
2090 3899 2333 3966 γελῶντα
2378 3898 2469 3951 καὶ
2513 3885 2714 3951 πάντα

353 3986 862 4054 μισανθρωποῦντα
897 3982 1004 4053 πρὸ
1044 3979 1193 4046 ἡλίου
1230 3980 1494 4039 δύναντος
1527 3981 1722 4043 ἐξιέναι
1757 3986 1854 4047 τῆς
1888 3982 2115 4038 πόλεως·
2165 3985 2326 4034 τοῦτο
2371 3987 2697 4051 νομοθετεῖν

353 4065 731 4135 βουλεύονται·
785 4063 959 4125 οὐδεὶς
1007 4062 1060 4118 δ’
1111 4067 1262 4120 ἐστὶν
1297 4067 1324 4119 ὃ
1357 4067 1434 4138 μὴ
1470 4068 1644 4136 γελῶν
1678 4065 1727 4121 εἷ
1759 4066 1834 4138 μὴ
1867 4065 2207 4137 Ἡράκλειτος
2242 4062 2377 4119 ὥστ’
2418 4064 2512 4136 ἐμὲ
2545 4064 2696 4120 ἐλαύ-

356 4169 563 4204 νουσιν.
632 4154 771 4204 Η1116
818 4157 960 4218 patet
1006 4153 1331 4219 privilegium
1375 4154 1460 4205 hic
1509 4172 1614 4206 esse
1663 4154 1883 4221 speciem
1920 4154 2172 4220 quandam
2207 4154 2518 4216 ostracismi,
2566 4168 2695 4218 quae

353 4244 472 4289 acta
505 4240 770 4304 praeteriti
805 4237 1071 4304 temporis,
1119 4238 1244 4288 licet
1275 4255 1378 4290 11611
1415 4246 1619 4290 cautum
1653 4238 1853 4305 legibus
1900 4239 1961 4289 de
1997 4239 2063 4289 iis
2099 4245 2255 4301 esset,
2303 4255 2363 4288 ex
2408 4253 2538 4289 nova
2584 4238 2696 4304 lege

355 4324 461 4374 lata
496 4324 759 4376 diiudicet.
828 4323 935 4374 Nos
971 4324 1248 4374 diceremus
1284 4324 1611 4389 privilegium
1646 4340 1753 4375 esse
1793 4324 1912 4387 „ein
1949 4326 2126 4376 Gesetz
2160 4325 2255 4374 mit
2288 4322 2699 4374 ruckwirkender

352 4408 556 4459 Kraft.“

458 4500 760 4549 Gonvrmo,
797 4500 1015 4551 opuscula.
2228 4494 2288 4544 19
