3499 5219
1705 442 1841 449 .„„‚.
1906 379 2011 471 ’86
2102 441 2234 449 ,-

791 592 951 638 cam.
1040 571 1244 652 Quam
1314 593 1433 656 ego
1498 575 1806 656 pietatem
1861 595 1992 639 non
2047 575 2299 656 vulgari
2354 593 2548 638 sensu
2602 573 2692 637 ita
2745 573 3147 638 intellectam

789 695 932 741 esse
974 676 1157 756 volo,
1216 681 1288 739 ut
1343 676 1768 741 reverentiam
1826 696 1980 758 erga
2023 696 2335 741 summum
2380 674 2573 740 deum
2615 674 2956 756 significet,
3015 695 3147 756 qua

793 797 985 859 quum
1028 777 1425 860 praestanda
1467 779 1549 843 ab
1595 778 1889 844 omnibus
1933 797 2254 861 peraeque
2297 777 2381 843 sit
2422 776 2819 865 hominibus,
2864 776 3057 840 etiam
3099 796 3143 839 a

790 879 1218 963 principibus,
1276 899 1434 962 prae
1478 880 1703 945 ceteris
1767 880 1911 962 ipse
1955 882 2153 946 enitet
2196 878 2581 946 CAROLVS
2624 876 3141 943 FRIDERICVS

795 987 1030 1062 noster,
1078 980 1194 1046 sed
1240 1001 1401 1063 eam,
1450 1002 1615 1064 quae
1661 1002 1702 1046 a
1745 981 2054 1046 Romanis
2100 978 2446 1061 dicebatur,
2492 979 2798 1062 cujusque
2825 978 3001 1061 apud
3045 997 3143 1043 ce-

789 1088 960 1147 teros
1000 1083 1276 1166 populos
1319 1104 1449 1148 non
1491 1083 1823 1149 invenitur·
1857 1088 1969 1147 aut
2009 1102 2127 1166 par
2153 1089 2265 1147 aut
2295 1082 2504 1147 simile
2531 1081 2933 1146 vocabulum.
2980 1081 3141 1144 Dico

791 1184 963 1248 enim
1006 1203 1150 1249 eam
1193 1186 1507 1266 virtutem,
1554 1205 1718 1267 quae
1735 1233 1751 1265 ,
1799 1205 1991 1266 quum
2035 1183 2166 1248 filia
2209 1185 2291 1248 sit
2331 1184 2594 1249 alterius
2636 1183 2810 1247 illius
2861 1182 3140 1265 pietatis,

790 1286 1006 1350 omnia
1049 1306 1213 1368 quae
1243 1288 1563 1368 antiquior
1589 1294 1789 1368 aetas,
1836 1286 2034 1366 utilia,
2080 1286 2369 1367 honesta,
2416 1285 2714 1368 gloriosa,
2759 1284 3138 1367 procreavit,

788 1387 981 1451 modo
1026 1388 1155 1452 sint
1187 1388 1320 1470 'ipsi
1364 1389 1592 1469 aetati,
1638 1409 1766 1470 qua
1809 1389 2073 1469 vivitur,
2120 1393 2308 1470 apta,
2367 1387 2583 1452 foveat
2627 1392 2850 1468 atque,
2909 1387 2965 1451 si
3006 1385 3142 1451 fieri

788 1489 1027 1571 possit,
1102 1510 1244 1553 cum
1318 1490 1596 1572 quadam
1668 1489 2060 1555 verecundia
2132 1490 2325 1553 etiam
2392 1489 2663 1553 excolat.
2751 1486 2938 1566 Quod
2993 1487 3143 1552 fecit

792 1587 1179 1656 GAROLVS
1247 1592 1767 1658 FRIDERICVS
1831 1593 2103 1674 primum
2158 1591 2227 1655 in
2268 1590 2600 1673 republica
2643 1595 2881 1654 nostra.
2970 1589 3139 1653 Nam

791 1711 922 1756 non
965 1693 1172 1756 solum
1215 1700 1465 1758 veteres
1509 1694 1709 1776 patris
1753 1693 2171 1774 consiliarios,
2216 1692 2481 1773 antiqua
2524 1690 2651 1756 fide
2694 1698 2758 1756 et
2800 1690 3142 1775 prudentia

788 1793 1075 1874 insignes
1119 1795 1395 1876 retinuit,
1443 1794 1559 1859 sed
1602 1796 1811 1885 ipsam
1855 1795 2048 1861 etiam
2092 1795 2483 1877 reipublicae
2525 1792 2826 1874 formam,
2872 1813 2914 1857 a
2957 1799 3141 1876 patre

789 1893 1111 1976 traditam,
1158 1916 1289 1959 non
1334 1917 1448 1979 pro
1493 1898 1755 1963 arbitrio
1800 1897 2154 1979 derogavit,
2199 1897 2470 1960 aliorum
2510 1895 2868 1978 principum
2896 1914 3142 1977 germa-

788 1996 1076 2061 nicorum
1121 1999 1434 2081 exemplo,
1481 2019 1702 2064 verum
1745 1999 1984 2063 firmius
2030 1999 2224 2063 etiam
2267 1997 2608 2079 stabilivit,
2677 2014 2886 2077 neque
2930 2003 3140 2060 aucto-

790 2098 1046 2162 ritatem
1090 2118 1271 2163 suam
1314 2102 1633 2166 recusavit
1687 2102 1798 2183 118,
1875 2121 2040 2183 quae
2054 2149 2069 2182 ,
2145 2101 2295 2165 licet
2349 2098 2473 2165 sibi
2514 2098 2640 2181 ipsi
2682 2098 2893 2162 minus
2935 2098 3136 2179 utilia,

793 2200 980 2264 electi
1024 2220 1064 2263 a
1107 2201 1345 2283 populo
1388 2209 1806 2284 rogaverant,
1868 2221 2060 2284 quum
2118 2202 2243 2285 ipsi
2299 2201 2536 2284 populo
2593 2199 2966 2265 viderentur
3019 2200 3137 2264 uti-

790 2300 884 2366 lia
928 2320 1090 2366 esse.
2978 2350 2989 2356 .

961 2402 1254 2467 Eandem
1285 2405 1589 2487 pietatem
1619 2424 1775 2486 erga
1805 2403 2164 2485 Goethium,
2211 2425 2406 2468 unum
2451 2423 2534 2468 ex
2565 2403 2767 2468 nobili
2794 2403 3138 2468 tetrarchia

791 2503 1045 2586 poetica
1087 2505 1519 2587 superstitem,
1568 2505 1876 2587 ostendit,
1937 2525 2157 2588 quem,
2216 2506 2420 2570 amico
2465 2505 2754 2588 principe
2795 2503 3139 2569 immortali

791 2606 1130 2689 privatum,
1177 2614 1310 2671 tam
1352 2608 1713 2673 amabiliter
1757 2608 2142 2690 consolatus,
2204 2629 2326 2690 quo
2370 2615 2501 2672 tam
2545 2606 2945 2672 familiariter
2987 2623 3137 2672 usus

794 2713 909 2788 est,
954 2715 1024 2772 ut
1066 2708 1196 2791 ille,
1243 2709 1298 2774 si
1340 2710 1531 2775 modo
1579 2709 1791 2775 Caroli
1835 2710 2105 2792 Augusti
2149 2710 2439 2774 oblivisci
2483 2729 2763 2791 unquam
2806 2710 3133 2792 potuisset,

792 2830 926 2874 non
970 2830 1206 2874 novum
1247 2811 1617 2894 principem,
1665 2811 1780 2876 sed
1809 2832 2046 2876 novum
2076 2813 2367 2893 amicum,
2415 2831 2778 2893 quanquam
2806 2810 3135 2892 iuniorem,

794 2929 865 2977 se
907 2919 1266 2977 assecutum
1311 2932 1453 2977 esse
1495 2914 1833 2996 putaverit.
1907 2914 2172 2978 Prorsus
2216 2914 2488 2978 similem
2533 2933 2604 2978 se
2647 2913 2941 2996 praebuit
2969 2913 3139 2979 Kne-

795 3012 987 3094 belio,
1020 3019 1325 3078 veterano
1354 3014 1497 3097 ipsi,
1530 3017 1858 3098 veterique
1888 3015 2144 3080 Goethii
2173 3016 2396 3097 amico,
2442 3022 2632 3097 atque
2674 3014 2965 3097 inprimis
2995 3021 3138 3098 post

793 3120 1063 3179 mortem
1107 3121 1339 3197 poetae
1377 3116 1773 3198 immortalis,
1820 3136 2012 3198 quum
2042 3117 2214 3182 solus
2244 3117 2620 3198 Knebelius,
2666 3117 3135 3198 nonagenarius

793 3234 993 3281 senex
1010 3264 1027 3298 ,
1104 3236 1186 3281 ex
1240 3217 1590 3282 clarissimo
1644 3219 1760 3282 illo
1813 3218 2213 3299 ingeniorum
2267 3217 2526 3285 foedere
2582 3225 2905 3302 superstes
2950 3224 3132 3298 esset,

795 3335 918 3398 quo
962 3316 1349 3382 inclaruerat
1393 3319 1758 3384 Germania.
1847 3319 2143 3398 Quinimo
2187 3341 2514 3402 nunquam
2557 3341 2687 3385 non
2729 3321 2895 3386 bene
2940 3320 3136 3385 voluit

795 3419 986 3483 etiam
1030 3421 1339 3484 matronis
1381 3416 1795 3487 nobilissimis
1840 3421 2126 3487 eiusdem
2170 3422 2419 3502 circuli,
2481 3442 2561 3487 ex
2604 3442 2837 3504 magno
2882 3423 2994 3486 illo
3037 3422 3134 3486 lit—

795 3525 1074 3584 terarum
1119 3527 1184 3585 et
1237 3522 1464 3586 artium
1511 3524 1694 3605 quasi
1735 3523 2098 3606 naufragio,
2167 3523 2336 3605 quod
2380 3523 2727 3588 Germania
2783 3544 2978 3606 passa
3021 3529 3132 3603 est,

796 3621 1064 3687 servatis
1079 3670 1096 3704 ,
1156 3622 1635 3706 Wolzogeniam
1693 3624 1868 3706 dico,
1927 3625 2268 3689 amabilem
2328 3645 2605 3690 sororem
2678 3624 3135 3691 Schillerianae

795 3723 1111 3805 coniugis,
1170 3744 1361 3806 quam
1405 3745 1605 3807 usque
1647 3725 1735 3790 ad
1778 3726 2023 3791 cineres
2069 3726 2204 3793 eius
2245 3746 2491 3792 summa
2533 3746 2674 3790 cum
2717 3726 2956 3810 pietate
2998 3747 3135 3809 pro-

796 3830 1047 3890 secutus
1093 3831 1219 3906 681,
1278 3826 1665 3892 Knebeliam
1685 3875 1701 3908 ,
1761 3827 2374 3909 Bechtolshemiam,
2441 3828 2905 3909 Ziegesariam,
2952 3829 3132 3894 alias.

795 3925 875 3992 In
919 3926 1147 4008 quibus
1192 3927 1485 3994 omnibus
1528 3928 1922 3994 honorandis
1966 3928 2131 3994 adeo
2188 3928 2307 3993 fuit
2364 3928 2640 4012 diligens
2698 3936 2761 3995 et
2822 3931 3002 4012 quasi
3043 3950 3135 3995 re·

796 4027 1082 4110 ligiosus,
1125 4034 1196 4093 ut
1237 4029 1420 4095 nefas
1466 4030 1525 4094 ei
1569 4049 1711 4095 esse
1754 4030 2097 4112 videretur,
2143 4031 2199 4096 si
2241 4030 2346 4096 vel
2386 4031 2612 4096 lenam
2655 4033 2760 4096 vel
2803 4032 3133 4097 Isenacum

798 4149 992 4212 quum
1032 4130 1196 4196 forte
1239 4130 1549 4212 venisset,
1586 4152 1778 4197 unam
1821 4132 1927 4197 vel
1969 4133 2239 4197 alteram
2281 4152 2413 4196 non
2441 4133 2845 4199 convenisset
2887 4135 3135 4200 honori-

799 4231 1039 4314 ficeque
1083 4233 1442 4299 salutasset.
1502 4234 1651 4316 Ipse
1696 4233 1867 4298 enim
1913 4233 2125 4299 dicere
2155 4253 2299 4299 eum
2341 4234 2621 4315 memini,
2666 4234 2785 4299 has
2815 4241 3134 4301 matronas

799 4332 924 4399 sibi
966 4332 1173 4398 videri
1217 4333 1399 4415 quasi
1442 4334 1596 4399 solis
1654 4335 1902 4400 occidui
1960 4336 2214 4402 ultimos
2256 4335 2469 4402 radios
2484 4384 2500 4417 ,
2561 4335 2788 4417 quibus
2840 4336 3136 4402 altissimi
