3499 5219
1670 416 2194 477 -40—

1478 615 1521 681 J
1522 614 1770 681 OAOH.
1826 612 2379 680 CAMERARIUS

1308 753 1401 798 DE
1446 752 1859 800 CARMINIBUS
1901 752 1936 798 J
1938 751 2125 798 OANN
2126 750 2187 798 IS
2230 749 2542 798 STIGELII.

1060 854 1254 930 Perge
1298 854 1466 914 bonis
1510 855 1717 915 avibus
1762 854 1954 913 fausto
1997 853 2210 930 omine,
2254 871 2461 931 perge,
2507 852 2735 931 StigeH,

1144 937 1275 1011 Qua
1316 940 1423 999 tibi
1468 941 1770 1000 Musarum
1812 939 2017 998 semita
2060 941 2346 997 monstrat
2386 938 2516 996 iter.

1056 1024 1264 1099 Ardua
1308 1025 1555 1102 Pimplei
1602 1029 1667 1083 ut
1708 1042 1955 1100 superes
1997 1023 2234 1099 fastigia
2276 1023 2506 1101 montiS,

1142 1110 1448 1185 Plenaque
1493 1110 1744 1186 Pegasio
1790 1109 2008 1185 pocula
2051 1108 2213 1167 fonte
2257 1107 2444 1167 bibas.

1054 1195 1254 1270 thue
1298 1212 1471 1253 ornes
1513 1193 1962 1253 Heliconiadum
2005 1197 2109 1253 tua
2149 1196 2416 1269 tempora
2457 1191 2651 1270 sertis,

1138 1280 1283 1338 Fert
1325 1279 1438 1339 dea
1481 1279 1797 1339 candidula
1841 1297 1995 1355 quae
2038 1278 2145 1337 tibi
2188 1277 2380 1353 prima
2421 1295 2614 1336 manu.

1054 1364 1376 1424 Doctrinae
1418 1365 1735 1423 Hessiacae
1781 1364 1939 1422 fama
1979 1362 2338 1439 ingenioque
2382 1362 2693 1440 secundus,

1140 1449 1252 1507 Vel
1294 1449 1463 1509 nobis
1505 1450 1731 1509 Hessus
1777 1449 1880 1524 qui
1922 1448 2109 1524 magis
2153 1447 2304 1506 alter
2348 1448 2483 1507 eris.

1055 1531 1210 1606 Quid
1254 1534 1413 1610 quod
1457 1534 1532 1593 ad
1575 1535 1869 1610 unigenae
1912 1533 2091 1592 vertit
2135 1532 2450 1609 praeconia
2490 1532 2614 1591 nati

1138 1619 1352 1678 Pandit
1395 1623 1454 1678 et
1495 1619 1556 1678 in
1598 1619 1731 1681 veri
1774 1619 1965 1677 Pieris
2008 1635 2115 1677 ora
2157 1616 2270 1676 dei.

1053 1704 1246 1762 Macte
1288 1704 1477 1763 animo
1522 1708 1581 1763 et
1623 1704 1876 1764 celebris
1920 1702 2231 1780 praeclara
2273 1700 2448 1760 laude
2491 1705 2701 1778 poetae

1142 1788 1369 1848 Conatu
1412 1807 1644 1864 semper
1685 1789 1857 1848 vince
1900 1788 2103 1864 priora
2143 1804 2318 1846 novo,

1056 1871 1171 1946 Qui
1213 1877 1316 1932 tua
1356 1873 1513 1932 fama
1557 1874 1731 1932 etiam
1774 1873 2018 1933 scandet
2059 1872 2244 1949 Jovis,
2289 1874 2391 1930 aut
2434 1889 2545 1946 ego
2589 1869 2788 1949 fallor,

1142 1958 1385 2018 Sidereo
1428 1959 1683 2034 positum
1726 1958 1962 2034 longius
2006 1975 2117 2016 axe
2159 1957 2449 2015 thronum.

963 2081 966 2083 Α
1057 2042 1174 2102 Sed
1216 2061 1410 2119 neque
1456 2062 1566 2119 ego
1611 2044 1809 2121 fallor,
1854 2047 2033 2118 teque
2076 2041 2399 2100 immortale
2445 2039 2654 2116 Stigeli

1139 2130 1368 2188 Nomen
1412 2132 1472 2188 et
1511 2132 1758 2188 aeterna
1799 2128 1991 2204 gloria
2035 2127 2207 2186 laude
2250 2125 2513 2200 manet.¹)

749 2246 830 2313 In
872 2250 1055 2328 parte
1096 2244 1304 2310 infera
1344 2246 1551 2328 pictus
1595 2250 1693 2310 est
1735 2245 2040 2327 Stigelius
2099 2265 2242 2309 cum
2299 2243 2547 2307 duabus
2602 2242 2904 2312 uxoribus
2960 2267 3110 2330 sep·

749 2354 1005 2430 temque
1073 2346 1313 2411 liberis.
1400 2346 1699 2411 Fractum
1775 2366 1921 2412 eum
1993 2346 2191 2427 animi
2245 2344 2647 2427 aegritudine
2703 2345 2900 2413 fuisse
2954 2349 3109 2413 Fla-

751 2449 952 2514 cianis
995 2447 1196 2512 turbis
1212 2495 1229 2528 ,
1289 2448 1518 2529 quibus
1562 2447 1755 2512 amici
1798 2448 1935 2513 eius
1980 2448 2270 2531 oppressi
2312 2453 2461 2512 sunt
2477 2497 2494 2530 ,
2555 2468 2687 2513 non
2729 2456 2895 2516 tecte
2937 2451 3108 2515 indi-

754 2549 927 2617 cavit
969 2548 1198 2615 Melch.
1243 2549 1474 2614 Adam.
1562 2549 1755 2614 Addo
1800 2548 1980 2615 aliud
2023 2550 2447 2634 epigramma:

1169 2685 1266 2749 IN
1305 2685 1742 2752 ‚EFFIGIEM
1800 2684 2229 2752 JOHANNIS
2289 2686 2671 2751 STIGELII

750 2803 1018 2871 PoiirAE
1064 2819 1457 2870 cLAmssnm.
1531 2822 1803 2870 AUTORE
1847 2823 2099 2900 smounj
2142 2823 2450 2870 HERmGo
2494 2809 3102 2887 MUELBERGENSE.²)

1053 2942 1229 3002 Aonii
1272 2944 1439 3000 vates
1485 2940 1709 3000 clarum
1753 2941 1971 3001 deflere
2015 2945 2269 3019 poetam,

1137 3028 1285 3086 Tam
1330 3026 1443 3085 cito
1490 3044 1666 3103 quem
1708 3027 1878 3087 nobis
1922 3027 2165 3086 abstulit
2208 3031 2338 3086 atra
2380 3027 2533 3087 diem

1052 3113 1229 3171 Illum
1273 3110 1466 3172 Gotha
1507 3115 1719 3187 potens
1764 3110 2072 3172 faecundis
2113 3112 2361 3189 protulit
2403 3113 2563 3173 arvis

1137 3197 1384 3274 Ingenio
1428 3200 1621 3255 vatem
1664 3215 1783 3256 non
1826 3197 2094 3279 paritura
2136 3215 2371 3273 parem:

1054 3281 1260 3356 Qualis
1305 3282 1457 3341 enim
1501 3280 1682 3341 fuerit
1723 3285 1911 3359 vates,
1958 3285 2332 3358 quantusque
2376 3286 2573 3361 poeta,

1135 3367 1331 3443 Ipsius
1375 3366 1681 3443 egregium
1724 3366 2071 3426 testificatur
2114 3385 2280 3443 opus.

1049 3452 1164 3512 Hic
1206 3451 1418 3511 meruit
1460 3456 1664 3511 sancta
1705 3452 1960 3526 palmam
2001 3451 2291 3528 gravitate
2336 3470 2656 3529 perennem

1137 3535 1377 3600 Obtinet
1418 3536 1478 3595 in
1526 3536 1735 3597 Clariis
1780 3542 1838 3597 et
1881 3538 2012 3597 loca
2053 3537 2243 3613 prima
2285 3537 2445 3596 viris.

1050 3623 1169 3683 Seu
1214 3640 1312 3682 res
1354 3625 1714 3701 spectentur,
1760 3641 1865 3682 seu
1908 3623 2084 3682 mella
2125 3622 2375 3700 poetica,
2421 3640 2526 3682 seu
2570 3640 2723 3698 quae

1134 3709 1336 3784 Larga
1375 3708 1693 3767 Maronaeo
1736 3707 1995 3766 'carmine
2039 3725 2193 3766 vena
2232 3707 2378 3765 fluit.

1049 3794 1339 3853 Maximus
1381 3791 1474 3851 his
1517 3792 1684 3852 annis
1726 3793 1913 3852 Heroi
1957 3792 2229 3852 carminis
2271 3792 2463 3851 Autor

1134 3878 1424 3936 Maximus
1468 3878 1724 3955 ingeni0‚
1769 3878 2054 3936 maximus
2098 3881 2224 3935 arte
2269 3875 2398 3935 fuit.

1050 3963 1301 4022 Aemula
1343 3963 1592 4039 Peligno
1636 3963 1863 4023 Nasoni
1912 3962 2186 4022 Carmina
2228 3961 2368 4020 lusit

1133 4048 1420 4107 Versibus
1465 4050 1523 4106 et
1565 4047 1705 4107 fecit
1748 4048 2034 4126 proxima,
2079 4046 2339 4124 Phoebe,
2383 4046 2516 4106 tuis.

887 4216 921 4279 ¹)
958 4214 1020 4266 V.
1060 4213 1373 4263 Osculamini
1408 4213 1569 4264 filium
1604 4214 1745 4264 locus
1783 4230 1843 4263 ex
1877 4214 1931 4262 II
1964 4212 2158 4278 psalmo
2201 4212 2422 4262 carmine
2471 4216 2717 4262 tractatus
2768 4227 2799 4261 a
2831 4213 2945 4263 Joh.
2984 4212 3094 4263 Sti-

741 4300 878 4365 gelio
908 4303 1002 4351 cet.
1040 4299 1250 4363 Lipsiae
1280 4299 1422 4349 1544.
1531 4298 1566 4362 ²)
1605 4299 1667 4348 V.
1706 4298 1953 4347 Burcardi
2003 4297 2285 4347 Gotthelsfii
2329 4298 2521 4348 Struvii
2558 4296 2876 4348 collectanea
2909 4313 3094 4349 manu-

740 4386 1048 4450 scriptorum
1082 4383 1140 4435 Τ.
1180 4384 1203 4432 Ῑ
1238 4383 1359 4434 fasc.
1397 4382 1454 4432 V.
1493 4398 1543 4447 p.
1581 4385 1663 4435 90.
