3499 5219
1358 420 1492 428 -—
1585 392 1692 452 171

463 570 534 627 ut
592 583 705 627 suo
764 561 1060 643 exemplo
1126 559 1588 625 demonstraret
1651 579 1917 641 pravam
1982 560 2423 634 educationem
2487 582 2629 629 sero
2694 564 2805 629 vix

461 684 744 746 unquam
786 682 976 748 posse
1018 662 1265 744 corrigi.
1339 661 1487 726 Vita
1514 661 1706 742 igitur
1733 662 2045 743 Margitae
2074 684 2267 746 quum
2295 665 2475 728 varia
2506 666 2803 749 exempla

460 767 799 850 praeberet
852 765 1256 830 conaminum
1312 781 1652 846 perversae
1709 763 2088 845 prudentiae
2143 786 2274 830 non
2317 768 2523 831 solum
2566 768 2801 851 scripta

461 876 600 934 erat
631 875 722 936 ut
775 866 972 932 risum
1027 871 1313 933 moveret
1366 865 1481 930 sed
1524 872 1594 929 ut
1635 866 1906 931 lectores
1948 865 2034 930 ad
2077 868 2209 931 alia
2251 868 2466 933 omnia
2506 868 2800 934 facienda

455 971 616 1054 ipsis
672 969 985 1052 exemplis
1040 961 1429 1051 propelleret
1484 973 1548 1031 et
1604 968 1928 1032 excitaret.
2013 969 2313 1034 Habebat
2364 970 2557 1052 igitur
2602 971 2672 1034 in
2727 991 2798 1037 se

459 1072 785 1155 quandam
827 1072 958 1135 vim
999 1071 1308 1136 moralem
1325 1117 1341 1150 ,
1402 1088 1591 1151 quam
1646 1069 1715 1132 in
1761 1070 1933 1133 omni
1977 1071 2169 1136 etiam
2213 1073 2542 1137 comoedia
2583 1072 2796 1138 inesse

456 1175 621 1239 dixit
674 1174 1071 1239 Aristoteles.
1172 1172 1319 1236 Non
1375 1171 1602 1235 mirum
1657 1178 1756 1236 est
1808 1171 2000 1253 igitur
2057 1172 2303 1238 Stoicos
2358 1174 2793 1257 philosophos,

455 1276 685 1358 quibus
726 1275 1042 1339 Homerus
1083 1273 1153 1337 in
1196 1273 1404 1338 Iliade
1447 1279 1511 1338 et
1554 1271 1846 1357 Odyssea
1903 1280 2071 1339 esset
2118 1276 2232 1357 pro
2276 1295 2595 1358 praecone
2638 1276 2794 1341 ethi-

454 1398 569 1443 cae
612 1377 895 1458 virtutis,
951 1375 1139 1440 modo
1185 1375 1526 1457 allegorice
1568 1395 1684 1457 per
1725 1374 2252 1457 significationem
2295 1378 2619 1459 quandam
2660 1398 2792 1443 car-

453 1479 629 1544 mina
653 1478 1178 1561 intelligerentur,
1226 1478 1420 1542 etiam
1447 1476 1534 1540 ad
1562 1477 1896 1559 Margitem
1927 1477 2216 1544 similiter
2242 1479 2790 1563 interpretandum

450 1602 520 1647 se
564 1579 971 1665 applicuisse.
1056 1578 1244 1658 Quod
1284 1579 1574 1662 inprimis
1616 1577 1767 1643 fecit
1808 1580 2010 1661 Zeno,
2074 1579 2379 1663 Cratetis,
2439 1585 2790 1666 allegoriae

451 1683 809 1749 homericae
852 1681 1222 1762 inventoriS,
1271 1680 1637 1763 discipulus,
1683 1686 1846 1746 teste
1888 1681 2099 1747 Dione
2130 1681 2579 1767 chrysostomo
2609 1686 2786 1751 LIII.

449 1806 514 1868 p.
559 1788 702 1850 635.
748 1786 934 1867 Emp.
989 1786 1273 1865 γέγραφε
1328 1780 1400 1846 δὲ
1456 1781 1562 1844 καὶ
1607 1778 1838 1862 Ζήνων
1897 1776 1932 1845 o‘
1990 1780 2365 1868 φιλόσοφος
2416 1784 2512 1861 ε’ίς
2555 1810 2627 1850 τε
2669 1784 2784 1872 τὴν

441 1879 682 1950 Ἰλιάδα
724 1886 832 1949 καὶ
872 1878 1255 1949 Ὀδύσσειαν
1299 1885 1403 1946 καὶ
1451 1885 1603 1966 περὶ
1656 1888 2004 1967 Μαργίτου
2064 1884 2171 1966 δὲ,·
2229 1894 2420 1970 atque
2477 1888 2785 1955 credibile

448 1995 545 2054 est
585 1987 655 2052 id
695 1987 923 2053 fecisse
966 1987 1289 2051 Zenonem
1340 1987 1408 2050 in
1454 1986 1511 2050 V
1565 1986 1746 2051 libris
1802 1988 2267 2069 problematum
2324 1989 2784 2056 homericorum

445 2111 486 2155 a
529 2090 821 2172 Diogene
863 2088 1119 2154 Laertio
1164 2087 1308 2169 VII,
1361 2092 1413 2169 1,
1463 2095 1519 2150 5.
1565 2087 1985 2153 laudatorum.

557 2177 560 2180 ¹
612 2192 880 2257 Famam
952 2189 1196 2270 antiqui
1280 2188 1577 2254 carminis
1647 2191 2044 2255 celeberrimi
2117 2213 2156 2255 a
2226 2192 2487 2259 Graecis
2558 2201 2783 2277 postea

442 2300 814 2378 penetrasse
866 2290 952 2356 ad
993 2291 1302 2356 barbaras
1357 2298 1582 2373 gentes
1640 2293 1913 2374 primum
1968 2291 2057 2357 ad
2111 2294 2485 2377 orientales,
2547 2295 2781 2362 deinde

443 2397 634 2462 etiam
678 2394 763 2459 ad
807 2392 1339 2477 septentrionales
1353 2441 1370 2474 ,
1425 2393 1517 2457 ita
1572 2399 1790 2458 tamen
1844 2401 1914 2458 ut
1967 2395 2300 2477 paullatim
2360 2396 2781 2478 degeneraret

440 2520 483 2563 a
524 2497 803 2562 carmine
845 2495 1253 2579 primigeniO,
1311 2515 1441 2558 non
1498 2495 1724 2559 mirum
1785 2502 1899 2561 est.
1986 2497 2093 2562 Sic
2137 2497 2494 2581 Marculfus
2535 2518 2778 2581 germa-

438 2600 639 2683 nicus,
685 2618 1048 2682 quanquam
1092 2596 1312 2681 paullo
1357 2595 1646 2663 diversus
1690 2619 1731 2662 a
1773 2598 2070 2682 Margite,
2129 2600 2211 2665 ab
2266 2600 2389 2665 hoc
2430 2600 2572 2684 ipso
2615 2602 2778 2667 Mar-

437 2703 610 2784 gitae
635 2701 896 2766 nomine
925 2699 1106 2782 quasi
1134 2699 1384 2765 radices
1426 2717 1620 2781 agere
1661 2699 1933 2765 videtur.
1979 2701 2078 2775 (V.
2113 2701 2193 2767 de
2222 2702 2528 2767 Marculfo
2557 2703 2662 2768 Fr.
2694 2702 2772 2768 H.

436 2826 564 2868 von
609 2802 723 2869 der
765 2802 1025 2884 Hagen:
1070 2801 1490 2866 Narrenbuch
1532 2823 1595 2884 p.
1629 2803 1800 2879 498.)
1843 2823 1997 2867 nam
2040 2803 2096 2868 si
2138 2803 2246 2885 qui
2289 2811 2436 2869 sunt
2478 2805 2586 2886 qui
2613 2805 2775 2869 Mar-

434 2905 670 2970 culfum
713 2903 1080 2968 hebraicum
1121 2922 1355 2967 nomen
1399 2922 1541 2967 esse
1584 2903 1976 2969 contendant
2017 2924 2148 2969 non
2192 2904 2499 2978 audiendi
2543 2913 2707 2971 sunt.

604 3007 822 3089 Ipsum
868 3024 1122 3070 carmen
1165 3003 1476 3086 Margitae
1489 3052 1505 3086 ‚
1565 3004 1918 3069 confectum
1976 3005 2325 3072 secundum
2382 3006 2546 3072 alios
2590 3005 2772 3072 Golo-

431 3109 647 3191 phone
692 3114 775 3186 (V.
809 3106 1145 3173 Certamen
1175 3104 1360 3169 Hom.
1392 3112 1457 3170 et
1483 3105 1745 3170 Hesiod.
1793 3129 1855 3191 p.
1883 3110 2024 3172 313.
2073 3107 2173 3173 ed.
2203 3115 2504 3190 nostrae),
2551 3128 2772 3173 secun-

435 3208 585 3273 dum
639 3208 1033 3274 Herodotum
1108 3227 1260 3273 vero
1334 3211 1408 3285 (s.
1465 3208 1553 3283 d.)
1626 3208 1861 3274 Bolissi
1934 3214 2097 3293 (cap.
2145 3214 2245 3274 24.
2351 3208 2445 3274 Of.
2503 3209 2769 3275 Suidam

429 3331 491 3374 v.
523 3305 864 3393 Ὅμηρος),
923 3317 1147 3393 postea
1201 3308 1359 3373 alibi
1414 3309 1607 3374 etiam
1667 3308 2143 3376 declamitatum
2188 3309 2636 3396 (ῥαψωδῆσαι)
2683 3313 2766 3377 ab

429 3413 706 3476 Homero
749 3412 982 3477 iuvene
1024 3417 1244 3476 auctor
1286 3416 1384 3476 est
1427 3410 1592 3476 Cert.
1636 3411 1822 3477 Hom.
1869 3420 1931 3478 et
1972 3413 2125 3479 Hes.
2171 3435 2232 3497 p.
2281 3418 2424 3480 315.
2497 3413 2766 3496 Epicum

427 3514 618 3595 igitur
689 3533 879 3595 quum
952 3532 1209 3579 carmen
1279 3513 1608 3594 antiquum
1665 3513 1851 3579 fuerit
1905 3515 2186 3581 numeris
2248 3515 2439 3580 etiam
2496 3514 2766 3579 heroicis

427 3615 798 3701 adstrictum
855 3621 1019 3698 erat,
1075 3634 1208 3679 non
1248 3614 1536 3679 iambicis
1578 3622 1648 3679 ut
1689 3621 2076 3698 putaverunt
2117 3616 2164 3681 ii
2207 3618 2314 3699 qui
2355 3615 2762 3681 Aristotelem

425 3717 494 3781 in
538 3716 802 3800 poeticis
847 3716 929 3782 de
970 3722 1345 3799 argumento
1389 3715 1705 3799 carminis,
1763 3738 1894 3782 non
1939 3716 2020 3783 de
2062 3717 2284 3800 forma,
2335 3724 2763 3801 exponentem

425 3839 762 3902 perperam
805 3818 1277 3883 intellexerunt.
1354 3817 1503 3882 Alia
1547 3818 1763 3882 omnia
1805 3825 2020 3885 tamen
2061 3818 2327 3884 tradidit
2369 3819 2760 3903 Hephaestio

425 3917 606 4000 (περὶ
651 3942 880 4004 ποιημ.
928 3941 990 4003 p.
1042 3923 1180 3983 112.
1228 3919 1329 3997 Gr.)
1419 3916 1723 4003 Μετρικὰ
1782 3919 1851 3985 δὲ
1910 3917 2156 3986 ἄτακτα
2216 3915 2342 3984 ὅσα
2395 3917 2463 3986 ἐκ
2505 3925 2756 4002 μέτρων

422 4021 540 4102 μὲν
603 4015 1139 4104 ὁμολογουμένων
1200 4022 1576 4104 συνέστηκε,
1632 4019 1816 4099 τάξιν
1875 4020 1948 4088 δὲ
2001 4023 2107 4087 καὶ
2168 4015 2597 4103 ἄνακύκλησιν
2644 4013 2758 4085 οὗκ

425 4121 585 4202 ἔχει,
664 4117 813 4188 οὕτε
870 4121 1035 4187 κατὰ
1097 4127 1315 4203 στίχον
1375 4118 1525 4187 οὔτε
1581 4122 1745 4187 κατὰ
1803 4120 2216 4210 συστήματα,
2288 4117 2428 4200 οἷός
2486 4121 2660 4187 ἐστιν
2721 4115 2756 4185 ὅ

422 4221 774 4310 Μαργίτῃς
819 4218 853 4288 ὅ
903 4222 998 4301 εἷς
1026 4219 1313 4309 Ὅμηρον
1360 4218 1866 4310 ἀναφερόμενος,
1915 4224 1979 4291 ἐν
2025 4213 2079 4311 ᾦ
2116 4226 2583 4307 παρέσπαρται
2613 4226 2756 4299 τοῖς

422 4326 648 4392 ἔπεσιν
697 4324 968 4409 ιάμβικὰ
1011 4327 1118 4391 καὶ
1164 4327 1370 4390 ταῦτα
1415 4319 1491 4389 οὗ
1536 4320 1680 4390 κατ’
1717 4327 1865 4393 ἰ’σον
1899 4326 2212 4411 σύστημα.
2287 4328 2466 4394 Idem
2510 4348 2572 4410 p.
2618 4330 2752 4394 ¹20.
