3499 5219
1299 427 1862 491 —253—

413 589 627 677 ἀνόδῳ
688 595 925 660 celebri
981 594 1365 678 Proserpina
1420 595 1525 659 hic
1583 598 1687 680 agi
1742 598 1916 662 malo
1960 605 2223 682 propter
2266 615 2410 664 eum
2454 598 2563 679 qui
2604 617 2745 680 pro·

413 697 585 762 xime
617 697 918 779 sequitur,
966 698 1333 781 Plutonem3
1381 698 1462 764 de
1493 718 1619 780 qua
1651 692 1867 782 ἇνόδῳ
1913 700 1989 765 cf.
2025 700 2387 762 Prellerum
2420 699 2746 778 (Demeter

416 798 544 860 med
582 797 981 882 Persephone
1024 820 1086 883 p.
1139 804 1276 864 120.
1324 802 1468 864 229.
1514 802 1683 877 231.)

580 898 892 964 Adiicitur
946 901 1221 982 denique
1274 902 1502 966 mirum
1556 901 1720 967 illud
1778 902 2116 992 distichon3
2170 903 2239 969 in
2295 924 2418 987 quo
2474 906 2748 988 primum

411 998 604 1082 λόγος
664 996 983 1084 ἀληθινός
1041 1003 1382 1086 opponitur
1424 1005 1516 1086 τῷ
1563 998 1709 1087 ἡδεῖ
1751 1005 1873 1087 ita,
1933 1012 2002 1070 ut
2044 1004 2119 1069 τὸ
2166 999 2285 1089 ἡδύ
2344 1006 2637 1073 videatur
2679 1007 2747 1072 id

410 1120 552 1166 6666
596 1101 767 1184 quod
809 1124 996 1170 aures
1051 1105 1308 1187 quidem
1352 1105 1713 1172 demulceat
1768 1106 1885 1173 sed
1925 1108 2136 1174 minus
2190 1128 2409 1173 verum
2454 1110 2554 1174 sit.
2642 1110 2748 1175 Sic

410 1203 583 1287 apud
612 1204 1006 1270 Herodotum
1036 1205 1180 1287 VII,
1234 1212 1371 1272 101.
1420 1202 1455 1269 ὃ
1488 1206 1560 1274 δὲ
1590 1201 1948 1291 ὑπολαβών
1986 1210 2131 1294 ἔφη,
2174 1211 2466 1292 βασιλεῦ,
2514 1208 2748 1293 κότερα

411 1301 702 1390 ἁληθηΐῃ
744 1304 1072 1391 χρήσομαι
1103 1305 1272 1388 πρὸς
1317 1307 1392 1374 σὲ
1433 1301 1738 1396 ἢῆδονῇς
1785 1312 2056 1379 Thucid.
2087 1313 2196 1396 VI,
2232 1318 2329 1377 17.
2378 1311 2442 1377 εἴ
2479 1337 2546 1376 τι
2589 1306 2741 1376 καθ’

411 1401 653 1494 ἡδονὴν
701 1407 973 1491 λέγοιτο.
1048 1409 1403 1478 Aeschines
1448 1433 1500 1478 6.
1547 1412 1827 1496 Ctesiph.
1873 1436 1935 1498 p.
1984 1420 2082 1497 71,
2117 1420 2216 1481 34.
2261 1415 2448 1481 HST.
2495 1414 2746 1498 πότερα

412 1502 703 1591 τάληθὲς
736 1510 907 1575 εἴπω
937 1503 980 1595 ἢ
1008 1510 1084 1573 τὸ
1128 1506 1400 1598 ἥδιστον
1431 1507 1746 1594 ἆκοῦσαι,·
1794 1515 2102 1583 Similiter
2129 1517 2489 1601 Aeschylus
2519 1519 2747 1601 Agam.

413 1615 557 1676 605.
619 1614 767 1687 πῶς
826 1606 957 1696 δῆτ’
1020 1606 1098 1678 ἂν
1145 1611 1351 1679 εἰπών
1405 1614 1597 1679 κεδνὰ
1640 1611 1903 1704 τάληθῆ
1949 1617 2202 1699 τύχοιςς
2256 1627 2323 1684 et
2365 1618 2748 1685 Heliodorus

409 1713 598 1780 Aeth.
643 1715 729 1796 ΙΙ,
778 1720 879 1780 34.
925 1709 966 1797 ἢ
1005 1715 1400 1796 χαρίζεσθαι
1454 1720 1661 1781 ταῦτα
1714 1710 1758 1804 ἢ
1811 1724 1918 1783 καὶ
1965 1717 2408 1806 ἐπαληθεύειν
2466 1720 2743 1798 ἑαυτοῖς.

412 1815 543 1882 Sed
587 1818 737 1881 talis
783 1820 1099 1901 oppositio
1144 1820 1248 1884 hic
1289 1822 1498 1886 minus
1554 1828 1708 1904 apta
1753 1828 1879 1903 est,
1938 1825 2149 1906 potius
2208 1816 2366 1905 ἡδὺς
2409 1821 2602 1907 λόγος
2655 1828 2750 1890 111-

410 1919 798 2001 telligendus
843 1921 925 1986 de
969 1916 1168 2006 ἡδονῇ
1211 1924 1336 1988 ista
1367 1923 1878 2008 Cyrenaicorum,
1927 1944 2190 2008 quorum
2232 1928 2501 2008 assecla,
2546 1936 2615 1993 ut
2659 1928 2749 1991 di-

409 2020 638 2103 ximus,
684 2022 878 2088 fuisse
921 2023 1174 2089 videtur
1204 2024 1535 2091 Charidas.
1601 2028 1771 2092 Nam
1815 2028 1906 2093 616
1950 2027 2031 2095 (16
2059 2028 2398 2094 Theodoro
2427 2031 2749 2112 Diogenes

412 2122 734 2189 Laertius:
792 2124 979 2201 τέλος
1025 2119 1088 2188 δ’
1137 2122 1560 2209 ὑπελάμβανε
1598 2128 1806 2210 χαρὰν
1851 2128 1958 2194 καὶ
2006 2128 2247 2213 λύπην,
2305 2130 2425 2218 τὴν
2470 2132 2587 2213 μὲν
2634 2127 2747 2195 ἐπὶ

416 2212 751 2308 φρονήσει,
799 2225 915 2310 τὴν
959 2225 1032 2293 δὲ
1076 2226 1190 2292 ἐπὶ
1236 2221 1596 2314 ἀφροσύνῃ,
1647 2222 1874 2313 ἀγαθὰ
1905 2231 1976 2298 δὲ
2008 2230 2328 2316 φρόνησιν
2356 2231 2468 2298 καὶ
2498 2232 2750 2297 δικαιο-

416 2322 842 2410 σύνην,.κακὰ
890 2328 959 2393 δὲ
1004 2328 1122 2405 τὰς
1169 2327 1465 2407 ἐναντίας
1511 2330 1706 2410 ἕξεις,
1754 2337 1924 2414 μέσα
1970 2333 2044 2400 δὲ
2085 2329 2321 2418 ἡδονὴν
2366 2337 2472 2400 καὶ
2519 2327 2746 2399 πόνον.

416 2426 628 2504 Quare
680 2431 849 2497 hanc
908 2452 1050 2499 esse
1105 2438 1488 2506 sententiam
1543 2448 1726 2525 puto:
1800 2436 2031 2507 Omnia
2085 2461 2247 2524 quae
2317 2461 2432 2505 vos
2492 2440 2751 2523 quidem

414 2546 852 2629 opinabamini
897 2544 978 2611 de
1010 2544 1131 2609 diis
1175 2550 1365 2626 atque
1398 2543 1479 2608 de
1523 2550 1694 2608 statu
1737 2550 1801 2609 et
1831 2542 2195 2609 conditione
2236 2545 2563 2611 hominum
2608 2547 2753 2628 post

412 2656 680 2715 mortem
723 2648 1017 2713 fabulosa
1061 2654 1207 2712 sunt
1251 2653 1314 2712 et
1356 2645 1723 2730 mendacia3
1779 2648 1901 2712 1106
1944 2647 2115 2730 quod
2174 2647 2307 2712 dixi
2349 2647 2750 2712 verissimum

414 2760 528 2834 661,
576 2770 959 2834 quamquam
1001 2749 1272 2814 fortasse
1314 2749 1462 2830 tibi,
1522 2754 1740 2831 utpote
1788 2749 2063 2831 Graeco,
2119 2751 2329 2815 minus
2383 2752 2748 2830 iucundum,

413 2855 529 2921 sed
572 2853 809 2936 siquid
853 2851 1104 2935 quaeris
1134 2850 1305 2933 quod
1346 2851 1553 2915 iocum
1597 2859 1768 2917 certe
1795 2852 1901 2916 vel
1945 2853 2338 2935 voluptatem
2383 2856 2499 2920 tibi
2542 2857 2754 2938 pariat

423 2964 487 3021 et
529 2952 865 3021 ridiculum
910 2954 1074 3019 adeo
1119 2973 1261 3019 esse
1304 2952 1615 3034 videatur,
1662 2955 1857 3018 etiam
1885 2954 2131 3019 Pellaei
2174 2955 2406 3021 bovem
2448 2978 2749 3039 magnum

419 3078 561 3124 esse
605 3059 673 3122 in
717 3056 879 3123 Orco
925 3057 1100 3121 scit0.

582 3161 660 3224 In
714 3159 816 3224 his
870 3158 1083 3222 verbis
1140 3157 1263 3222 hoc
1319 3157 1593 3240 primum
1651 3163 1941 3240 apertum
2002 3179 2142 3224 esse
2199 3157 2452 3223 videtur
2504 3159 2751 3225 Pellaei

415 3262 729 3326 vocabulo
773 3259 1211 3326 Alexandrum
1253 3261 1556 3341 Magnum
1601 3258 1975 3341 significari,
2023 3258 2194 3340 quod
2246 3260 2373 3324 iam
2417 3261 2752 3327 Bonaven-

413 3370 559 3429 tura
617 3364 965 3429 Vulcanius
1020 3368 1191 3427 recte
1248 3360 1566 3426 divinarat
1621 3360 1735 3426 sed
1790 3361 1857 3425 id
1914 3361 2083 3444 quod
2138 3362 2304 3427 bene
2361 3361 2753 3428 enodaverat

423 3468 582 3531 miro
627 3466 816 3531 modo
862 3464 1083 3548 paullo
1127 3470 1272 3548 post
1323 3464 1465 3546 ipse
1519 3462 1901 3546 perditurus.
1990 3464 2344 3528 Transtulit
2401 3465 2571 3529 enim
2625 3465 2749 3530 ita:

707 3605 895 3664 Verus
940 3605 1042 3664 Ιιὶε
1085 3609 1173 3662 est
1211 3604 1381 3664 vobis
1422 3619 1651 3662 sermo:
1694 3602 1790 3660 sin
1836 3603 2084 3673 quaeris
2128 3618 2455 3676 amoenum,

789 3690 906 3748 Ivit
948 3689 1291 3747 Alexandri
1331 3690 1442 3748 sub
1487 3689 1681 3763 Styqa
1723 3684 2246 3761 Bucephalus.

416 3823 629 3906 Atque
671 3823 1112 3889 Alexandrum
1157 3821 1433 3905 quidem,
1478 3821 1699 3886 Pellae
1754 3820 1822 3884 in
1866 3819 2242 3885 Macedonia
2285 3827 2537 3904 natum,
2583 3842 2754 3905 pror-

418 3946 528 3991 sus
574 3924 799 3991 eodem
841 3925 1034 3990 modo
1063 3924 1391 3987 Pellaeum
1435 3924 1706 3985 iuvenem
1754 3921 1918 3987 dixit
1960 3921 2286 3987 Iuvenalis
2330 3929 2446 3987 sat.
2478 3922 2562 4006 X,
2601 3927 2753 3988 168:

838 4045 998 4106 Vnus
1041 4047 1355 4106 Pellaeo
1401 4046 1664 4104 iuveni
1703 4060 1829 4103 non
1870 4044 2105 4119 sufficit
2147 4045 2346 4105 orbis.-

422 4180 506 4244 Et
550 4179 791 4246 Statius
834 4180 991 4245 silv.
1042 4179 1092 4262 Ι,
1131 4184 1184 4261 1,
1219 4183 1320 4245 86.
1367 4177 1691 4240 Pellaeum
1738 4176 1972 4255 ducem,
2015 4177 2156 4242 loco
2185 4196 2442 4261 prorsus
2485 4176 2753 4258 integro,

430 4303 563 4347 non
604 4283 1008 4366 interpolato.
1072 4281 1250 4356 Βοῗς
1293 4284 1493 4363 μέγας
1535 4287 1748 4345 autem
1777 4300 1908 4345 non
1950 4280 2155 4363 potuit
2197 4279 2323 4344 dici
2351 4278 2756 4362 Bucephalus

422 4384 797 4450 Alexandri.
865 4384 1032 4449 Nam
1064 4383 1351 4448 caballus
1394 4383 1507 4449 ille
1535 4381 2013 4448 Alexandrinus
2043 4403 2171 4447 non
2201 4385 2461 4464 propter
2488 4379 2755 4444 formam
