3499 5219
1331 494 1465 500 m,
1560 459 1858 518 15...-

1132 658 1210 721 H.
1266 657 1667 725 EOBANUS
1724 659 2051 726 HESSUS

1206 812 1449 861 mmm
1476 813 1791 861 srmssmo
1822 813 1969 861 sno.

677 930 774 989 Sic
819 931 925 990 tibi
977 931 1279 991 Pieridum
1323 951 1513 992 comes
1557 933 1849 993 indevicte
1894 933 2104 1012 Stgeli,

762 1015 928 1076 'Palis
976 1022 1267 1093 perpetuo
1311 1021 1576 1095 tempore
1621 1037 1778 1081 vena
1822 1018 1967 1078 fluat

676 1099 774 1159 Sic
817 1100 925 1162 tibi
971 1102 1087 1161 sint
1131 1101 1358 1180 faciles,
1407 1108 1470 1162 ut
1513 1108 1668 1181 sunt,
1714 1104 1776 1162 in
1821 1103 2082 1164 carmina
2126 1105 2357 1185 Musae,

763 1185 863 1246 Sic
907 1187 1013 1247 tibi
1057 1188 1227 1265 larga
1272 1188 1425 1246 sitim
1470 1188 1747 1248 Phocidis
1795 1189 1954 1248 unda
1995 1189 2186 1248 levet:

678 1272 759 1330 Ut
803 1275 870 1330 tu
914 1275 1117 1331 nostra
1159 1273 1398 1351 probas,
1445 1277 1512 1333 ut
1555 1293 1663 1334 nos
1706 1274 1956 1353 miraris,
2004 1279 2062 1333 et
2105 1274 2361 1334 Hessum

755 1357 904 1415 Esse
945 1357 1190 1436 aliquid,
1235 1358 1503 1433 quamvis
1544 1360 1623 1419 sit
1660 1359 1806 1418 nihil
1846 1359 1995 1438 ipse,
2038 1363 2230 1436 putas.

674 1441 851 1502 Solus
894 1443 1047 1501 enim
1090 1442 1346 1520 gelidam
1387 1444 1649 1504 venienti
1694 1444 1978 1504 Chalcida
2020 1463 2232 1521 nuper,

756 1526 1023 1603 Porrigis
1067 1527 1330 1589 exhibita
1371 1530 1632 1589 carmina
1674 1529 1893 1589 blanda
1934 1548 2128 1588 manu.

674 1611 847 1671 Solus
892 1618 950 1670 et
994 1613 1286 1690 exulibus,
1334 1617 1399 1673 ut
1442 1617 1578 1675 sunt
1620 1613 1731 1674 hoc
1774 1618 2057 1692 tempore,
2101 1614 2287 1675 Musis

756 1697 934 1756 Visus
978 1716 1061 1776 es,
1108 1697 1300 1757 officio
1346 1718 1464 1774 quo
1507 1703 1697 1778 potes,
1743 1718 1873 1759 esse
1917 1700 2068 1776 pius.

673 1782 950 1842 Primitiis
993 1784 1295 1859 applaudo
1336 1785 1473 1863 tuis,
1517 1788 1844 1861 grataeque
1891 1784 2238 1862 Camoenae,

757 1866 923 1940 Quae
964 1868 1071 1929 tibi
1115 1874 1367 1930 venturo
1408 1874 1671 1947 tempore
1719 1870 1914 1946 qualis
1958 1869 2100 1929 erit!

671 1951 836 2025 Quae
882 1971 1015 2013 cum
1056 1954 1168 2013 iam
1212 1954 1427 2015 multos
1470 1959 1706 2034 aequet,
1752 1959 2111 2032 superetque
2155 1957 2394 2031 poetas:

756 2036 912 2111 Quid
956 2038 1134 2098 faciet
1177 2040 1225 2099 si
1267 2044 1327 2099 te
1371 2041 1550 2118 longa
1590 2044 1832 2101 senecta
1875 2038 2115 2099 manet?

667 2123 825 2182 Vere
868 2126 971 2183 tuo
1017 2124 1131 2206 talil
1165 2125 1266 2201 qui
1309 2125 1486 2185 flores
1528 2126 1745 2205 indole,
1792 2129 2046 2202 quantos

750 2211 1047 2268 Autumno
1092 2209 1320 2270 fructus
1363 2211 1713 2270 adveniente
1756 2211 1923 2271 dabis
1940 2209 1970 2268 P
2283 2277 2288 2280 ⁶

667 2295 784 2354 Sed
829 2298 1024 2354 tamen
1067 2295 1214 2354 haec
1258 2296 1424 2373 alias,
1469 2314 1627 2356 nunc
1671 2296 1934 2356 scribere
1981 2296 2158 2372 plura
2198 2295 2492 2353 volentem

746 2380 900 2438 Hinc
942 2380 1058 2439 alio
1103 2399 1335 2441 versam
1377 2381 1558 2441 traxit
1599 2381 1818 2457 Apollo
1859 2398 2110 2441 manum.

579 2500 729 2563 Mox
819 2497 971 2561 data
1055 2498 1187 2562 alia
1273 2499 1520 2563 occasio
1609 2505 1706 2563 est
1780 2497 2043 2580 Stigelio
2131 2515 2364 2560 venam
2443 2494 2757 2578 poeticam

408 2598 907 2666 demonstrandi.
997 2599 1319 2666 Iohannes
1390 2601 1560 2667 enim
1623 2598 1983 2666 Fridericus
2050 2597 2333 2678 Elector,
2410 2596 2512 2662 cui
2582 2595 2757 2662 cordi

407 2709 547 2767 erat
601 2703 1113 2768 reformationem
1165 2703 1475 2785 Angliae,
1551 2722 1714 2785 quae
1766 2704 1877 2767 vix
1933 2701 2024 2766 ibi
2077 2700 2497 2781 tolerabatur,
2573 2699 2754 2779 tueri,

403 2807 483 2867 A.
529 2804 1072 2868 MDXXXVIIII.
1119 2805 1526 2870 Franciscum
1569 2803 1963 2869 Burcardum
2017 2823 2135 2886 per
2177 2801 2455 2867 Galliam
2510 2801 2580 2865 in
2621 2800 2757 2865 Bri·

404 2906 694 2970 tanniam
737 2906 926 2986 misit,
974 2915 1043 2970 ut
1085 2908 1277 2971 Anna
1305 2905 1645 2971 Oliviensis
1689 2904 1960 2986 ducissa,
2008 2924 2198 2987 quam
2240 2923 2356 2968 rex
2383 2902 2755 2968 Britanniae

405 3007 720 3072 Henricus
765 3008 923 3071 VIII
969 3009 1395 3091 expetiverat,
1455 3006 1975 3091 desponderetur.
2065 3006 2202 3071 Hoc
2246 3004 2416 3070 enim
2460 3004 2753 3087 coniugio

406 3109 589 3190 quasi
621 3109 1005 3175 Germaniae
1048 3109 1361 3192 adstringi
1403 3129 1594 3193 posse
1636 3108 1976 3174 videbatur
2018 3128 2132 3172 rex
2160 3106 2455 3189 Angliae,
2504 3105 2586 3170 de
2629 3125 2753 3187 quo

403 3210 590 3274 multi
631 3211 904 3293 fuerunt,
952 3212 1059 3294 qui
1103 3231 1298 3277 saeva
1337 3211 1795 3294 praesagirent,
1844 3229 2206 3292 quanquam
2235 3208 2577 3292 praecipue
2605 3207 2754 3272 Ale·

405 3311 655 3378 xander
711 3314 966 3379 Alesius
1025 3314 1252 3378 Scotus
1265 3362 1281 3394 ,
1358 3314 1465 3395 qui
1519 3313 1904 3394 Vitebergae
1960 3310 2187 3377 studiis
2241 3309 2529 3375 incubuit
2541 3358 2556 3391 ,
2631 3310 2753 3374 hoc

403 3415 875 3479 matrimonium
921 3435 1075 3480 suae
1117 3416 1365 3498 patriae
1409 3421 1759 3498 optaverat.
1779 3416 1819 3491 ¹)
1907 3413 2269 3478 Burcardus
2312 3431 2526 3477 secum
2572 3410 2753 3476 duxit

405 3516 741 3598 Stigelium
758 3566 774 3597 ,
835 3517 974 3599 qui,
1036 3517 1185 3581 dum
1224 3519 1370 3601 ipsa
1411 3536 1514 3583 res
1559 3516 1640 3582 de
1684 3537 1812 3599 qua
1851 3517 2061 3598 agitur
2103 3514 2189 3580 ad
2231 3513 2422 3579 finem
2464 3511 2753 3596 perduci·

403 3625 534 3699 tur,
581 3619 718 3701 regi
762 3620 1046 3684 carmina
1086 3618 1382 3700 tradidit,
1400 3620 1443 3696 2)
1503 3619 1731 3700 quibus
1773 3619 2056 3683 animum
2099 3617 2268 3699 regis
2309 3616 2377 3679 in
2420 3613 2752 3698 pontifices

401 3719 796 3786 inflammare
854 3728 1120 3786 conatus
1176 3728 1290 3787 est.
1381 3721 1451 3787 Si
1507 3718 1667 3784 fides
1722 3718 2025 3785 habenda
2078 3725 2176 3784 est
2226 3718 2310 3784 M.
2357 3717 2629 3782 Toxitae
2680 3717 2750 3782 in

403 3822 815 3905 epithalamio
861 3823 1130 3905 Sfigelii,
1177 3824 1357 3905 larga
1400 3843 1594 3888 manu
1637 3822 1951 3887 Henricus
1995 3820 2329 3903 Stigelium
2371 3820 2747 3886 muneravit.

402 3925 485 3987 Et
528 3924 593 3988 S.
639 3925 942 3989 Lemnius
985 3925 1107 3989 hoc
1151 3931 1418 3990 testatur
1472 3924 1540 3987 in
1598 3923 2057 4007 epigrammate
2113 3921 2199 3987 ad
2242 3921 2576 4005 Stigelium
2592 3970 2608 4003 ,
2678 3921 2748 3985 in

400 4045 524 4106 quo
569 4026 636 4089 hi
682 4046 902 4091 versus
946 4027 1272 4108 leguntur:

750 4147 840 4205 Te
884 4164 1015 4205 mea
1058 4147 1290 4207 felicem
1333 4147 1553 4224 gaudet
1595 4145 1840 4205 rediisse
1885 4164 2183 4223 camoena,
2233 4139 2238 4144 ’

837 4231 1127 4307 Quodque
1173 4233 1376 4310 gravis
1421 4231 1641 4307 gaudet
1683 4232 1914 4290 venerit
1956 4231 2068 4291 ista
2110 4247 2333 4289 manus.

538 4414 569 4474 ¹)
608 4413 662 4465 Τ.
704 4415 769 4465 11.
809 4416 839 4464 s.
888 4418 978 4465 177
1020 4432 1062 4464 v.
1201 4415 1239 4477 ¹)
1277 4416 1333 4467 T.
1371 4416 1414 4467 1.
1451 4415 1483 4462 s.
1523 4417 1621 4466 306
1659 4432 1700 4461 v.
1738 4414 1807 4463 11.
1846 4415 1878 4462 f.
1919 4416 2000 4465 81.
