3499 5219
1654 1490 2292 1568 ORATIO

1486 1707 1566 1757 IN
1614 1701 2158 1756 PARENTALIBUS
2213 1702 2458 1755 SACRIS

1444 1868 1634 1934 DIVI
1689 1867 2001 1934 CAROLI
2057 1865 2501 1932 FRIDERIOI

795 2059 1016 2107 MAGNI
1058 2057 1256 2107 DUCIS
1298 2023 1638 2105 SAXONIAE
1679 2055 2008 2105 RECTORIS
2048 2055 2441 2105 ACADEMIAE
2482 2055 2785 2106 IENENSIS
2826 2058 3138 2111 MAGNIFI-

882 2158 1257 2209 CENTISSIMI
1284 2160 1358 2207 IN
1387 2159 1653 2207 TEMPLO
1683 2159 2025 2208 PAULLINO
2056 2160 2123 2207 D.
2160 2164 2204 2205 1⁴
2232 2159 2302 2205 M.
2334 2157 2622 2208 AUGUSTI
2654 2161 2751 2205 1853
2779 2160 3052 2210 HABITA.

1006 2346 1464 2410 AUDITORES
1509 2345 1831 2408 OMNIUM
1876 2345 2246 2408 ORDINUM
2286 2343 2936 2429 HONORATISSIMI,

965 2481 1297 2549 Confinem
1351 2501 1494 2547 esse
1549 2489 1877 2547 summum‘
1918 2481 2158 2547 luctum
2198 2500 2475 2564 magnae
2516 2478 2804 2549 laetitiae
2849 2489 2914 2548 et
2957 2483 3137 2566 quasi

793 2585 1048 2654 insidiis
1089 2586 1293 2651 latere
1332 2584 1502 2649 inter
1541 2583 1834 2649 homines
1875 2583 2200 2665 mortales,
2245 2583 2434 2649 huius
2466 2583 2806 2667 proverbii,
2852 2584 3029 2668 quod
3067 2585 3137 2651 in

796 2707 908 2755 ore
934 2687 1218 2753 omnium
1248 2686 1634 2751 Graecorum
1675 2691 1831 2767 erat,
1877 2685 2232 2767 veritatem,
2276 2686 2379 2751 his
2419 2685 2578 2769 ipsis
2622 2686 2848 2753 diebus
2890 2707 3136 2754 summo

795 2810 940 2855 cum
983 2807 1271 2854 moerore
1312 2808 1427 2852 suo
1473 2794 1740 2870 experta
1780 2794 1879 2852 est
1921 2788 2132 2870 patria
2171 2779 2420 2869 nostra,
2468 2795 2736 2871 experta
2778 2795 2876 2854 est
2918 2796 3139 2855 nostra

794 2890 1150 2958 academia.
1248 2889 1375 2955 Vix
1448 2889 1616 2954 enim
1676 2891 2095 2973 praeterierat
2147 2889 2500 2955 tricesimus
2557 2889 2726 2972 dies,
2797 2898 3136 2974 postquam

793 3010 1005 3059 raram
1045 2991 1415 3058 felicitatem
1458 2991 1766 3075 principis
1807 2991 2008 3056 nostri
2051 2990 2468 3072 serenissimi,
2528 2992 2636 3074 qui
2687 3011 2806 3075 per
2859 2992 3137 3075 quinque

792 3095 1016 3161 lustra.
1051 3092 1544 3159 clementissime
1598 3113 1676 3157 ac
1729 3092 2076 3159 iustissime
2132 3091 2454 3157 civitatem
2495 3093 2692 3175 rexit,
2750 3095 3138 3177 eosdemque

794 3216 912 3281 per
938 3215 1143 3261 annos
1172 3200 1379 3261 rector
1403 3194 1522 3259 fuit
1548 3195 1735 3260 huius
1764 3194 2155 3275 academiae,
2200 3201 2526 3276 gratantes
2562 3195 3134 3279 celebraveramus‚

794 3317 987 3381 quum
1028 3294 1202 3363 idem
1243 3295 1633 3363 celsissimus
1673 3296 1974 3380 princeps
2004 3295 2163 3360 abiit
2190 3295 2500 3377 sublimis,
2547 3297 2886 3379 sepulchro
2929 3298 3135 3382 patrio

789 3400 922 3465 iam
974 3396 1368 3465 condendus.
1465 3399 1674 3481 Atque
1745 3418 1870 3480 quo
1937 3396 2168 3463 certior
2234 3403 2372 3462 erat
2438 3399 2831 3480 exspectatio
2895 3407 3132 3480 nostra,

793 3500 983 3568 facile
1047 3519 1436 3566 emersurum
1504 3519 1645 3566 esse
1700 3497 2110 3584 QAROLUM
2164 3499 2703 3565 FRIDERICUM
2760 3518 2843 3564 ex
2899 3501 3135 3566 incom-

794 3602 989 3669 moda
1043 3601 1415 3667 valetudine
1429 3649 1445 3682 ,
1504 3621 1668 3684 quae
1722 3621 1839 3685 per
1892 3600 2155 3684 aliquod
2201 3607 2455 3684 tempus
2499 3619 2644 3666 eum
2688 3608 3129 3684 occupaverat,

796 3724 872 3770 eo
912 3701 1169 3786 gravior
1209 3723 1328 3768 nos
1368 3703 1628 3769 incessit
1670 3703 1883 3785 dolor,
1942 3722 2135 3784 quum
2183 3721 2438 3767 omnem
2482 3722 2662 3786 spem
2703 3702 3133 3769 abiiciendam

795 3824 939 3873 esse
991 3824 1109 3871 nos
1166 3804 1460 3870 edoceret
1513 3806 1784 3871 nuncius
1840 3805 2060 3870 mortis
2115 3804 2484 3870 lenissimae
2538 3805 2762 3888 optimi
2804 3805 3130 3890 principis.

793 3908 982 3974 Nunc
1036 3912 1248 3971 autem
1262 3954 1279 3988 ‚
1337 3906 1392 3972 si
1446 3908 1727 3990 aliquam
1783 3913 1955 3973 certe
2006 3906 2316 3971 laetitiam
2357 3906 2576 3973 licebit
2619 3926 2698 3972 ex
2741 3912 2923 3971 tanto
2965 3925 3131 3973 moe-

792 4028 935 4075 rore
1000 4005 1255 4074 haurire
1269 4055 1285 4088 ‚
1354 4006 1773 4091 intelligimus
1788 4058 1804 4090 ‚
1873 4007 2343 4092 providentiam
2407 4008 2693 4074 divinam
2757 4028 2889 4073 non
2956 4008 3131 4092 prius

791 4110 1070 4176 voluisse
1124 4127 1418 4192 rumpere
1471 4108 1646 4176 filum
1699 4111 1899 4175 vitale
1938 4108 2154 4192 [nostri
2209 4109 2546 4193 principis,
2608 4130 2798 4194 quam
2845 4110 3125 4175 omnium

793 4213 1024 4279 civium
1079 4231 1332 4277 suorum
1389 4211 1570 4294 quasi
1622 4218 2127 4277 consummatum
2181 4230 2460 4277 amorem
2514 4212 2584 4277 in
2639 4212 2802 4278 festo
2859 4212 3131 4279 seculari

795 4321 1093 4399 expertus
1148 4318 1335 4380 esset.
1433 4312 1538 4377 Sic
1591 4312 1811 4378 licebit
1865 4312 2000 4378 eius
2056 4319 2353 4395 mortem,
2412 4333 2453 4378 a
2496 4313 2618 4379 deo
2661 4314 3132 4397 sapientissime
