3499 5219
1720 417 2248 481 ——80—--

809 584 1114 650 Leibnitii
1156 590 1220 649 et
1260 583 1498 650 Wolffii
1528 584 1771 651 obitum
1799 590 2003 665 nocte,
2050 585 2141 649 ita
2168 584 2566 666 attonuisset,
2611 590 2681 648 ut
2709 584 2871 649 miro
2900 582 3155 650 silentio

810 687 1178 770 exciperent
1233 685 1331 768 id,
1405 684 1579 768 quod
1619 705 1828 751 novae
1869 686 2043 752 vitae
2083 686 2498 752 incitamenta
2537 685 2607 750 in
2650 706 2723 752 se
2763 685 3149 768 continebat,

807 790 1006 854 lenae
1048 788 1291 870 primus
1353 788 1596 853 exstitit
1649 787 2069 853 Leonhardus
2123 787 2520 854 Reinholdus
2536 835 2553 869 ,
2610 788 2720 870 qui
2762 788 3151 853 Kantianam

811 890 1162 955 doctrinam
1191 889 1365 973 apud
1394 909 1512 954 nos
1554 888 1853 954 traderet.
1925 890 2020 954 Ac
2063 889 2436 972 praesertim
2478 889 2667 954 huius
2696 890 2818 954 viri
2846 889 3152 955 audiendi

808 1011 1002 1057 causa
1044 993 1265 1056 Ienam
1308 990 1577 1057 accessit
1620 989 2023 1057 Godofredus
2064 991 2488 1073 Hermannus‚
2533 992 3004 1074 philologorum
3048 990 3151 1057 de-

808 1113 937 1159 cus.
1024 1092 1451 1158 Reinholdum
1496 1098 1749 1158 secutus
1795 1099 1892 1159 est
1934 1093 2219 1157 Fichtius
2235 1141 2249 1169 ,
2311 1092 2448 1175 qui,
2494 1113 2536 1157 a
2578 1093 2905 1158 Kantiana
2948 1093 3150 1176 philo-

683 1205 686 1208 ’
807 1195 1036 1279 sophia
1077 1194 1413 1278 profectus,
1461 1194 1628 1259 ‘avia
1671 1193 1905 1259 deinde
1947 1193 2269 1259 Pieridum
2312 1195 2678 1277 peragravit
2718 1196 2896 1259 loca.’
2984 1196 3149 1260 Nam

806 1317 848 1362 a
892 1295 1187 1379 delphico
1228 1297 1341 1361 illo
1386 1304 1726 1379 praecepto
1742 1345 1758 1378 ,
1819 1296 1989 1379 quod
2042 1296 2169 1380 ipsi
2209 1297 2515 1379 Apollini,
2578 1296 2698 1362 deo
2744 1296 3146 1380 philosopho,

806 1403 877 1461 ut
921 1396 1153 1462 dicitur
1195 1398 1566 1478 Plutarcho,
1622 1398 1930 1462 tributum
1986 1405 2083 1464 est
2123 1418 2165 1463 a
2206 1397 2496 1479 Graecis,
2556 1405 2625 1463 ut
2683 1405 2936 1464 nosmet
2977 1399 3149 1482 ipsos
3214 1437 3218 1440 ⁴

804 1519 1241 1582 nosceremus,
1286 1500 1378 1564 ita
1421 1519 1685 1565 exorsus
1728 1505 1827 1564 est
1846 1547 1862 1579 ,
1923 1505 1993 1563 ut
2008 1548 2024 1581 ,
2084 1499 2170 1564 ad
2229 1499 2581 1564 doctrinam
2632 1498 2766 1565 fere
2821 1500 3149 1566 orientalis

805 1601 1179 1684 sapientiae,
1227 1620 1391 1682 quae
1434 1600 1747 1684 prodidit,
1794 1620 1941 1666 eum
1985 1602 2094 1683 qui
2134 1602 2225 1665 ita
2266 1601 2517 1666 noverit
2558 1620 2628 1666 se
2669 1602 2899 1684 ipsum,
2944 1608 3015 1666 ut
3060 1602 3149 1667 di-

804 1703 939 1767 vini
981 1702 1225 1784 aliquid
1267 1704 1335 1767 in
1379 1722 1449 1768 se
1493 1722 1634 1768 esse
1689 1704 1953 1785 sentiat,
2011 1722 2203 1768 nosse
2246 1703 2438 1767 etiam
2484 1702 2673 1767 deum
2717 1709 2781 1768 et
2820 1702 3146 1802 mundum,

802 1811 987 1870 acute
1031 1805 1409 1887 explanaret
1451 1803 1604 1885 quid
1649 1804 1807 1870 deus
1851 1823 1993 1869 esse
2035 1803 2388 1885 videretur,
2436 1802 2589 1885 quid
2630 1803 2925 1869 mundus.
3014 1805 3149 1870 Hac

801 1907 911 1971 via
954 1926 1327 1989 progressus
1368 1926 1614 1970 morum
1662 1906 2013 1971 doctrinam
2056 1904 2344 1970 condidit
2386 1906 2742 1988 egregiam,
2790 1908 3145 1990 expositam

802 2008 1092 2092 inprimis
1161 2008 1230 2071 in
1294 2007 1457 2072 libro
1522 2008 1852 2090 praeclaro
1910 2007 1990 2073 de
2047 2007 2213 2072 bene
2270 2008 2585 2089 beateque
2625 2007 2904 2073 vivendo
2963 2015 3027 2073 et
3079 2008 3146 2072 in

803 2109 1211 2175 concionibus
1256 2108 1341 2172 ad
1382 2109 1690 2191 populum
1735 2108 2156 2190 Germanum,
2222 2108 2449 2192 hisque
2506 2110 2800 2175 omnibus
2845 2109 2927 2175 de
2970 2130 3148 2192 prae-

801 2211 1035 2277 cordiis
1078 2210 1453 2291 iuventutis,
1503 2209 1583 2275 de
1626 2230 1844 2275 amore
1887 2210 2165 2292 patriae,
2215 2209 2295 2276 de
2339 2210 2802 2276 Germanorum
2847 2212 3142 2281 libertate

800 2314 1031 2380 meruit
1072 2331 1226 2396 prae
1270 2312 1564 2377 omnibus
1607 2312 2011 2395 philosophis
2053 2313 2306 2377 nostriS.
2365 2311 2761 2377 Contrariam
2790 2313 2964 2377 viam
3006 2314 3148 2379 iniit

802 2414 1249 2496 Schellingius,
1296 2414 1402 2495 qui
1433 2435 1473 2478 a
1500 2420 1729 2478 natura
1759 2433 2024 2479 exorsus
2055 2413 2231 2478 cuius
2279 2415 2473 2478 ‘arcta
2518 2420 2842 2496 portarum
2870 2416 3149 2481 claustra

801 2517 1041 2601 primus
1085 2515 1484 2598 confringere
1530 2517 1800 2599 cupiret’
1860 2515 2028 2579 hanc
2085 2536 2199 2598 pro
2256 2516 2515 2580 numine
2559 2515 2782 2580 habuit
2824 2518 3040 2582 omnia
3079 2518 3145 2582 in

801 2640 871 2685 se
915 2620 1311 2700 continente,
1373 2620 1564 2683 etiam
1623 2620 1967 2683 humanam
2009 2618 2352 2700 rationem,
2427 2638 2590 2701 quae
2633 2618 2688 2683 si
2729 2624 2902 2683 recte
2945 2621 3148 2703 philo-

800 2721 1135 2804 sophetur,
1202 2740 1272 2786 se
1321 2741 1449 2784 non
1491 2721 1685 2786 aliam
1730 2740 1874 2785 esse
1926 2726 2117 2802 atque
2170 2720 2377 2802 ipsam
2431 2726 2753 2801 naturam,
2809 2720 3145 2804 intelligat.

800 2824 967 2888 Hinc
1009 2823 1215 2906 ipsam
1258 2822 1632 2904 religionem
1677 2823 1860 2904 quasi
1900 2822 2222 2902 arborem,
2282 2842 2324 2886 a
2365 2828 2595 2887 natura
2635 2828 3062 2904 procreatam,
3109 2842 3146 2888 e

797 2925 1034 2992 fabulis
1077 2924 1438 3007 mythisque
1482 2924 1903 3006 antiquorum,
1951 2930 2253 3005 tanquam
2299 2943 2334 2988 6
2378 2922 2699 2988 radicibus
2743 2923 2896 3005 suis,
2937 2944 3146 2989 accre-

799 3028 972 3092 visse
1013 3025 1100 3090 ad
1141 3026 1377 3090 fructus
1420 3025 1746 3107 religionis
1791 3026 2202 3105 christianae,
2263 3025 2441 3089 nullo
2486 3024 2668 3105 quasi
2709 3024 2992 3105 ipsorum
3034 3025 3146 3089 ho·

799 3130 1041 3194 minum
1085 3128 1331 3208 meritc,
1376 3128 1553 3192 nullo
1597 3128 1838 3209 labore,
1883 3128 2064 3191 nulla
2106 3126 2438 3191 industria.
2527 3125 2957 3207 Schellingius
3000 3127 3142 3209 ipse

800 3251 994 3313 quum
1066 3250 1245 3294 suam
1318 3229 1794 3312 philosophiam
1850 3229 2283 3293 sublimiorem
2339 3226 2661 3310 quandam
2719 3227 2946 3309 poesin
3002 3248 3145 3295 esse

802 3332 1101 3412 dixisset,
1148 3351 1278 3394 non
1321 3331 1547 3394 mirum
1592 3337 1721 3411 est,
1792 3331 1958 3394 hanc
2001 3331 2294 3395 arborem
2337 3328 2788 3412 philosopham
2833 3329 3145 3411 quosdam

801 3435 993 3500 etiam
1038 3434 1319 3498 stolones
1362 3433 1644 3515 poeticos
1688 3452 1923 3513 eosque
1967 3432 2348 3497 laetissimos
2392 3430 2646 3512 tulisse,
2706 3450 2894 3513 quos,
2952 3451 3143 3513 quum

798 3535 973 3619 apud
1016 3555 1134 3599 nos
1178 3541 1410 3615 essent,
1456 3533 1744 3617 inprimis
1775 3534 2187 3599 excoluerunt
2216 3532 2592 3613 Schellingii
2619 3533 2924 3614 asseclae,
2970 3532 3144 3600 Frid.

797 3636 1319 3718 Hardenbergius
1362 3636 1648 3717 Novalis,
1692 3636 1767 3700 L.
1814 3635 2137 3715 Tieckius,
2185 3633 2481 3699 Clemens
2508 3635 2869 3699 Brentanus
2898 3641 2962 3699 et
2990 3655 3144 3719 prae

798 3740 1025 3805 ceteris
1069 3737 1434 3820 Schlegelii,
1480 3757 1701 3802 omnes
1743 3743 2032 3801 auctores
2061 3755 2270 3801 novae
2300 3735 2630 3800 cuiusdam
2674 3736 2906 3818 poesiS,
2952 3756 3143 3818 quam

797 3863 965 3908 novo
1011 3842 1203 3907 etiam
1245 3839 1556 3904 vocabulo
1611 3838 2029 3904 romanticam
2087 3837 2402 3903 dixerunt.
2491 3837 2734 3916 Quibus
2791 3837 3143 3921 adiungen-

799 3944 918 4010 dus
988 3951 1084 4009 est
1150 3943 1343 4007 etiam
1413 3941 1727 4024 Griesius,
1805 3959 2169 4022 quanquam
2241 3940 2295 4003 is
2364 3940 2705 4022 praecique
2758 3940 3012 4005 italicae
3077 3957 3142 4015 et

795 4046 1168 4129 hispanicae
1210 4044 1392 4127 poesi
1434 4043 1745 4108 addictus.
1813 4043 2054 4106 Horum
2098 4041 2378 4105 omnium
2425 4041 2778 4106 diutissime
2807 4041 2981 4124 apud
3024 4063 3141 4108 nos

795 4148 957 4213 vixit
1000 4147 1303 4229 Griesius,
1352 4146 1478 4229 qui,
1525 4164 1907 4227 quanquam,
1953 4150 2024 4207 ut
2066 4149 2200 4208 erat
2238 4161 2353 4225 per
2393 4148 2593 4207 totam
2636 4141 2836 4206 vitam
2881 4140 3143 4226 εἰρωνι-

795 4248 1114 4328 κώτατος,
1160 4248 1534 4332 saepissime
1579 4246 1859 4327 dixerat,
1904 4244 2165 4309 Abdera
2206 4265 2376 4309 nova
2418 4264 2561 4309 esse
2602 4244 2825 4308 lenam
2843 4292 2859 4325 ,
2904 4251 3138 4327 tamen,

793 4358 1101 4435 tanquam
1143 4351 1308 4417 alter
1349 4349 1780 4429 Democritus,
1841 4365 2092 4429 semper
2146 4345 2232 4411 ad
2296 4366 2414 4411 nos
2478 4352 2542 4411 et
2584 4344 2845 4411 Abdera
2889 4367 3004 4411 sua
3045 4365 3143 4412 re-
