3499 5219
1577 418 1708 425 -——
1799 384 1922 444 330

689 555 1192 620 communicasse
1264 572 1406 615 cum
1469 550 1617 614 aliis
1673 557 1980 632 tanquam
2036 549 2320 615 salutare
2375 549 2787 632 reipublicae.
2888 554 3040 636 Ipse

691 655 862 721 enim
916 653 1382 733 Theramenes,
1458 671 1823 734 quanquam
1894 651 1963 715 in
2035 650 2322 732 singulos
2386 651 2683 716 atrociter
2747 655 3041 735 peccavit

691 756 882 821 homo
939 754 1291 835 versatilis,
1350 753 1806 836 popularisque
1860 751 2253 835 reipublicae
2308 752 2552 818 formae
2603 755 2868 820 minime
2922 756 3041 820 fuit

690 877 936 937 amans,
981 863 1219 936 tamen,
1265 874 1409 920 sera
1452 855 1851 937 poenitentia
1877 860 2248 936 commotus,
2295 855 2471 919 solus
2499 852 3059 936 trigintavirorum'

691 957 1152 1041 rempublicam
1206 956 1695 1022 Atheniensium
1755 954 1841 1019 ad
1894 954 2176 1020 medium
2235 955 2555 1038 quendam
2612 956 3039 1024 democratiae

692 1067 926 1126 statum
983 1057 1318 1142 paullatim
1375 1056 1709 1122 traducere
1752 1055 2133 1138 conabatur,
2191 1057 2260 1120 in
2299 1074 2423 1138 quo
2467 1077 2715 1122 summa
2755 1066 3041 1142 potestas

694 1183 822 1226 non
882 1166 1052 1226 esset
1105 1160 1172 1224 in
1227 1157 1524 1223 manibus
1578 1165 1917 1223 nautarum
1970 1158 2408 1240 remigumque
2451 1158 2887 1225 Piraeensium
2930 1163 3041 1243 qui

691 1262 1123 1328 democratiae
1168 1267 1348 1327 erant
1389 1258 1839 1326 studiosissimi
1884 1264 1968 1338 (v.
2000 1259 2292 1343 Thucyd.
2325 1260 2503 1341 VIII,
2553 1265 2653 1325 72.
2699 1269 2764 1327 et
2796 1262 3039 1328 Aristo-

691 1368 853 1431 teles
910 1363 1197 1430 Politicis
1241 1363 1318 1445 V,
1378 1366 1438 1426 2.
1494 1364 1651 1439 (3.)).
1753 1359 1939 1426 Certe
2001 1362 2224 1444 populi
2290 1361 2426 1428 eius
2481 1382 2766 1428 amorem
2821 1367 3039 1430 testati

692 1474 840 1532 sunt
881 1465 1288 1547 Aristoteles,
1346 1463 1486 1547 ipse
1541 1461 1956 1545 gravissimus
2010 1463 2238 1527 harum
2297 1483 2507 1528 rerum
2563 1484 2790 1530 censor
2847 1468 3036 1545 (Plut.

693 1569 833 1633 Nic.
880 1571 985 1648 2.),
1032 1575 1095 1632 et
1139 1566 1459 1631 Diodorus
1504 1565 1725 1647 (XIII,
1782 1567 1908 1641 88.)
1926 1566 1967 1641 ¹)
2026 1564 2296 1647 ipsaque
2335 1585 2507 1630 mors
2548 1566 2670 1631 viri
2712 1556 3039 1634 confirma-

691 1670 802 1751 vit,
848 1689 975 1750 qua
1017 1668 1280 1751 paulum
1322 1666 1482 1732 afuit
1524 1668 1678 1749 quin
1722 1687 1905 1731 suam
1948 1666 2187 1730 famam
2230 1667 2508 1732 vicisset.

862 1771 932 1836 Si
974 1770 1166 1852 igitur
1209 1769 1599 1837 concesseris
1642 1769 1814 1833 hunc
1856 1767 2327 1832 Theramenem
2381 1749 2529 1852 post
2581 1769 2814 1834 factam
2873 1790 3034 1853 eam,

692 1894 882 1955 quam
926 1872 1143 1936 animo
1181 1872 1532 1952 volutabat,
1578 1870 2009 1935 democratiae
2052 1877 2117 1934 et
2160 1870 2549 1951 oligarchiae
2590 1872 3036 1938 intermediam

692 1974 1013 2056 quandam
1059 1973 1517 2053 conditionem,
1577 1972 1699 2037 hoc
1754 1971 2044 2055 inprimis
2105 1971 2440 2053 iniungere
2496 1973 2776 2039 voluisse
2834 1982 3040 2039 orato-

692 2076 867 2140 ribus
922 2075 1224 2158 puhlicis,
1283 2082 1382 2157 ut,
1443 2073 1595 2138 dum
1653 2080 2020 2156 suggestum
2065 2073 2301 2157 Pnycis
2357 2074 2780 2140 ascenderent
2835 2095 3039 2159 eoque

690 2178 1057 2242 insisterent
1100 2198 1240 2241 cum
1286 2176 1522 2260 populo
1567 2182 1855 2258 agentes,
1902 2195 1985 2242 116
2025 2175 2094 2239 111
2136 2195 2314 2240 mare
2357 2195 2580 2241 versus
2611 2196 2687 2241 ac
2716 2178 3034 2260 Piraeum,

692 2280 799 2362 qui
842 2279 1078 2343 fundus
1123 2284 1263 2343 erat
1303 2279 1720 2360 famigeratae
1776 2278 2077 2359 antiquae
2133 2276 2555 2360 reipublicae,
2616 2279 2834 2344 oculos
2890 2300 3038 2344 con-

691 2388 1046 2462 verterent,
1106 2379 1221 2445 sed
1275 2381 1344 2444 in
1398 2400 1610 2445 arcem
1654 2399 1999 2462 agrosque,
2060 2386 2124 2445 et
2167 2379 2610 2462 Plutarchum,
2669 2400 3038 2463 quanquam

691 2482 1055 2563 credulum,
1113 2482 1405 2547 invenies
1449 2502 1577 2546 non
1618 2481 2028 2563 mendacem,
2089 2488 2153 2546 et
2192 2481 2406 2563 ipsum
2451 2501 2594 2546 eum
2641 2481 2881 2565 locum,
2927 2485 3040 2566 qui

689 2604 859 2650 nunc
915 2605 1030 2667 pro
1087 2585 1336 2669 pulpito
1381 2592 1697 2651 oratorum
1743 2584 2045 2665 hahetur,
2109 2583 2451 2649 Plutarcho
2508 2605 2639 2651 non
2692 2585 3040 2652 adversan-

693 2696 840 2751 tem.
932 2687 1335 2769 Cognoverat
1390 2688 1559 2751 enim
1603 2687 1980 2751 Plutarchus
2036 2686 2245 2751 simile
2300 2686 2454 2769 quid
2508 2687 2743 2752 factum
2799 2708 2939 2754 esse
2996 2710 3039 2753 a

691 2788 966 2853 tribunis
1019 2790 1088 2853 in
1145 2790 1363 2853 rostris
1418 2788 1726 2852 Romanis
1782 2807 1824 2851 a
1881 2786 1949 2852 C.
1997 2786 2272 2852 Gracchi
2324 2787 2478 2854 inde
2533 2796 2837 2874 tempore.
2929 2791 3039 2857 Sic

691 2892 863 2958 enim
921 2891 1062 2974 ipse
1119 2889 1496 2955 Plutarchus
1555 2888 1623 2954 C.
1682 2888 1955 2953 Gracchi
2014 2889 2123 2953 vit.
2186 2894 2244 2953 5.
2354 2892 2602 2955 Τοῦτον
2659 2891 2774 2956 τὸν
2830 2891 3033 2973 νόμον

694 2990 1022 3077 εἰσφέρων
1066 2990 1149 3056 τά
1194 2984 1259 3053 τ’
1310 2986 1478 3054 ἄλλα
1523 2990 1780 3073 λέγεται
1824 2988 2208 3054 σπουδάσαι
2254 2989 2706 3076 διαφερόντως
2748 2995 2855 3056 καὶ
2900 2994 3034 3056 τῶν

691 3093 829 3180 πρὸ
891 3086 1093 3158 αὐτοῦ
1149 3092 1419 3157 πάντων
1479 3091 1881 3176 δημαγωγῶν
1934 3089 2108 3173 πρὸς
2161 3089 2279 3177 τὴν
2327 3090 2679 3178 σύγκλητον
2726 3087 3038 3178 ἀφορών-

691 3222 823 3260 των
887 3197 997 3260 καὶ
1052 3192 1129 3257 τὸ
1186 3192 1585 3276 καλούμενον
1644 3189 1942 3273 κομίτιον
2002 3195 2269 3274 πρῶτον
2325 3192 2475 3259 τότε
2533 3198 2851 3280 στραφεὶς
2909 3195 3035 3274 ἔξω

692 3295 864 3380 πρὸς
922 3294 1037 3380 τὴν
1095 3289 1340 3381 ἀγορὰν
1402 3295 1853 3380 δημηγορῆσαι
1906 3295 2013 3358 καὶ
2071 3293 2147 3357 τὸ
2195 3294 2434 3359 λοιπὸν
2480 3292 2653 3361 οὕτω
2697 3302 2920 3363 ποιεῖν
2967 3297 3042 3376 ἐξ

692 3400 973 3477 ἐκείνου,
1062 3399 1265 3482 μικρᾷ
1351 3398 1772 3481 παρεγκλίσει
1856 3397 1963 3460 καὶ
2035 3395 2399 3477 μεταθέσει
2471 3396 2798 3485 σχήματος
2867 3403 3038 3482 μέγα

692 3503 966 3584 πρᾶγμα
1022 3497 1294 3584 κινήσας
1350 3498 1459 3563 καὶ
1514 3495 1907 3583 μετενεγκών
1962 3496 2215 3581 τρόπον
2280 3497 2430 3564 τινὰ
2500 3497 2615 3584 τὴν
2687 3496 3036 3565 πολιτείαν

694 3603 763 3668 ἐκ
821 3605 937 3690 τῆς
994 3595 1501 3684 ἀριστοκρατίας
1558 3600 1652 3678 εἷς
1706 3598 1823 3685 τὴν
1882 3600 2354 3685 δημοκρατίαν,
2432 3595 2522 3677 ὥς
2575 3603 2708 3665 τῶν
2764 3601 3036 3665 πολλῶν

692 3705 872 3783 δέον,
940 3696 1015 3768 οὗ
1074 3706 1191 3790 τῆς
1244 3704 1515 3787 βουλῆς,
1578 3701 2021 3782 στοχάζεσθαι
2076 3700 2231 3777 τοὺς
2274 3703 2599 3784 λέγοντας.
2687 3703 2870 3769 Idem
2912 3704 3040 3768 hoc

690 3807 884 3873 refert
927 3806 1145 3872 Cicero
1207 3806 1317 3885 (de
1368 3807 1554 3871 amic.
1600 3808 1726 3882 25.)
1786 3804 1867 3870 de
1926 3803 1993 3869 C.
2040 3804 2286 3868 Licinio
2332 3803 2592 3869 Crasso:
2652 3807 2708 3866 is
2757 3807 3033 3890 primum

689 3910 963 3972 instituit
1000 3910 1062 3969 in
1087 3907 1319 3990 sorum
1363 3928 1578 3970 versus
1621 3928 1808 3989 aqere
1851 3927 1984 3968 cum
2025 3906 2278 3990 populo·
2338 3906 2414 3970 V.
2446 3908 2522 3970 A.
2548 3906 2823 3973 Beckeri
2847 3909 3034 3973 Rom.

688 4011 907 4094 Antiq.
951 4011 1003 4074 I.
1048 4031 1110 4093 p.
1145 4013 1289 4074 279.
1365 4008 1458 4074 Cf.
1503 4008 1811 4074 Niebuhr.
1855 4008 1935 4072 H.
1982 4010 2057 4074 R.
2101 4009 2151 4072 I.
2199 4027 2260 4090 p.
2295 4013 2443 4088 470.

735 4306 742 4312 θ
825 4248 858 4308 ¹)
896 4246 972 4298 cf.
1007 4247 1069 4297 D.
1114 4247 1285 4299 Tiebol
1318 4248 1617 4313 Sieyenbeek
1664 4247 1724 4296 de
1761 4246 2072 4295 Athenarum
2108 4244 2401 4294 conditione
2438 4244 2529 4295 sub
2566 4246 2778 4311 imperio
2816 4245 3037 4310 triginta

688 4336 1034 4398 tyrannorum.
1089 4332 1256 4396 Lugd.
1295 4333 1352 4381 B.
1392 4333 1536 4383 1828.
1572 4333 1730 4396 p.25.
