3499 5219
1273 428 1842 490 -103—

383 605 604 664 tamen
646 618 855 681 neque
896 606 1124 683 postea
1178 599 1381 666 defuit
1435 601 1662 683 genius
1717 600 1900 683 quasi
1955 599 2276 680 tutelaris,
2335 606 2535 666 totam
2592 600 2730 667 etius

383 701 586 766 vitam
644 700 950 785 deinceps
1000 701 1331 768 illustrans
1400 709 1468 769 et
1531 701 1716 784 quasi
1771 718 2105 767 coronans.
2206 701 2414 781 Quem
2469 703 2733 785 genium

386 803 661 869 dixerim
700 803 1062 885 MARIAM,
1107 803 1312 886 Pauli,
1357 803 1773 888 Imperatoris
1811 802 2204 887 Russiorum‚
2261 798 2480 886 filiam,
2537 820 2728 886 quam

385 906 606 991 paullo
650 910 796 988 post
836 904 907 970 in
947 905 1420 972 matrimonium
1463 904 1664 988 duxit,
1713 902 2091 975 felicissime
2129 905 2358 973 eodem
2397 906 2730 990 Wolzoge·

384 1011 515 1090 nio,
560 1007 756 1073 misso
798 1007 1168 1090 Petropolin
1211 1026 1253 1072 a
1297 1006 1527 1072 Oarolo
1556 1008 1864 1090 Augusto,
1908 1024 2045 1074 rem
2088 1016 2157 1075 et
2194 1008 2470 1093 principi
2509 1014 2729 1074 nostro

385 1119 454 1178 et
521 1116 784 1175 nostrae
854 1108 1095 1174 civitati
1166 1108 1653 1174 saluberrimam
1722 1106 2110 1192 perficiente.
2209 1111 2379 1175 Nam
2450 1123 2533 1177 ex
2603 1124 2729 1194 quo

386 1212 663 1279 MARIA
718 1210 1128 1276 serenissima
1141 1256 1157 1289 ,
1217 1212 1420 1294 patris
1459 1210 1897 1276 infelicissimo
1942 1211 2120 1277 obitu
2160 1211 2377 1277 adhuc
2414 1226 2728 1293 moerens,

385 1321 672 1380 nostram
715 1312 876 1377 adiit
915 1312 1209 1396 patriam,
1255 1313 1579 1396 extemplo
1622 1312 1941 1378 sensimus
1984 1313 2121 1379 eius
2161 1314 2558 1380 lenissimam
2599 1333 2731 1380 ma⁴

385 1437 542 1482 num
584 1414 1067 1481 consolatricem
1099 1419 1176 1478 ‘et
1217 1412 1624 1497 adiutricem3
1685 1421 1749 1480 et
1802 1414 1974 1496 quod
2014 1410 2283 1498 pulchre
2325 1415 2411 1482 de
2451 1414 2729 1496 Didone,

386 1519 548 1603 Tyri
601 1517 854 1601 regina,
916 1514 1079 1580 dixit
1121 1513 1430 1597 Virgilius
1444 1563 1462 1596 ,
1519 1515 1734 1582 verius
1791 1515 1985 1581 etiam
2040 1516 2125 1583 de
2176 1514 2453 1584 MARIA
2509 1523 2730 1584 nostra

388 1620 515 1686 dici
561 1617 796 1704 potuit:

794 1772 928 1833 Non
973 1775 1201 1849 ignara
1241 1775 1388 1833 mali
1428 1774 1666 1833 miseris
1706 1790 2074 1835 succurrere
2118 1775 2310 1837 disco·

558 1928 707 1991 Non
746 1924 977 1990 mirum
1019 1928 1117 1988 est
1158 1922 1349 2005 igitur
1390 1921 1539 1988 huic
1579 1921 1875 2005 coniugio
1903 1923 2113 2007 ipsum
2143 1925 2526 1992 Schillerum
2556 1940 2729 2008 egre‘

385 2030 492 2113 gio
538 2027 942 2111 applausisse
982 2024 1304 2105 carmine„
1329 2023 1500 2106 quod
1533 2023 1859 2107 inscripsit
1886 2025 2134 2090 Artium
2166 2026 2728 2108 consecrationem,

386 2131 690 2212 cuiusque
732 2127 1105 2194 memoriam
1147 2125 1556 2192 serenissima
1596 2126 1895 2211 princeps
1926 2127 2290 2209 gratissimo
2319 2128 2535 2195 animo
2565 2133 2731 2205 (sen-

386 2234 472 2299 sit
525 2232 697 2297 enim
751 2231 898 2314 ipsa
952 2228 1219 2312 optime,
1295 2247 1488 2310 quam
1552 2227 1859 2294 fortunati
1921 2229 2051 2295 sint
2105 2230 2429 2314 principes
2482 2229 2590 2314 qui
2645 2229 2731 2296 ab

387 2334 648 2418 egregio
702 2338 894 2417 poeta
948 2330 1373 2406 celebrentur)
1433 2329 1628 2395 etiam
1679 2329 1777 2396 ita
1827 2333 2193 2397 conservari
2250 2332 2483 2415 voluit,
2540 2339 2610 2398 ut
2663 2333 2732 2398 in

388 2438 559 2503 oecis
597 2442 932 2519 poetarum
960 2431 1453 2498 Vimariensium
1494 2451 1538 2496 a
1577 2431 1927 2515 pictoribus
1968 2434 2140 2499 hanc
2180 2435 2375 2502 etiam
2418 2450 2732 2502 exornan-

388 2539 540 2604 dam
610 2556 755 2603 esse
825 2539 1093 2600 curaret.
1201 2533 1429 2616 Neque
1497 2532 1727 2599 mirum
1799 2540 1898 2601 est
1967 2534 2310 2602 Goethium
2385 2537 2596 2622 ipsum
2668 2540 2732 2600 et

386 2643 469 2708 H.
513 2641 846 2723 Meyerum
894 2656 1112 2704 arcum
1166 2636 1352 2702 illum
1405 2636 1858 2720 triumphalem
1875 2685 1892 2720 ,
1948 2658 2139 2721 quem
2182 2635 2519 2707 GAROLO
2562 2639 2732 2706 FRI-

387 2741 711 2811 DERICO
753 2748 820 2808 et
853 2739 1186 2806 MARIAE
1230 2737 1517 2804 Vimaria
1557 2745 1852 2805 erexerat
1892 2739 2405 2825 advenientibus,
2450 2740 2731 2808 artificiis

386 2846 484 2913 rei
524 2844 840 2927 gravitate
881 2839 1306 2925 dignissimis,
1366 2846 1430 2906 et
1471 2859 1587 2923 per
1627 2841 1954 2924 quandam
1995 2842 2523 2926 significationem
2566 2863 2731 2928 sym-

387 2948 711 3027 bolorum,
772 2963 938 3026 quae
995 2942 1293 3024 dicimus,
1352 2940 1659 3025 gaudium
1715 2950 1782 3009 et
1834 2963 2015 3028 spem
2057 2945 2476 3012 laetissimam
2519 2946 2732 3011 Vima-

387 3049 695 3115 riensium
738 3044 1262 3130 exprimentibus,
1305 3042 1643 3126 magnifice
1683 3044 2077 3112 instruxisse.

557 3150 736 3215 Haec
776 3147 1128 3213 laetissima
1170 3146 1495 3212 Vimariae
1548 3152 1841 3229 tempora
1893 3148 2088 3230 paulo
2137 3155 2284 3233 post
2323 3155 2544 3215 secuta
2585 3153 2734 3215 sunt

387 3253 720 3335 aliquanto
763 3249 1080 3334 graviora.
1166 3248 1514 3331 Postquam
1566 3248 1772 3314 altero
1829 3267 1987 3331 pare
2028 3248 2362 3317 Castorum
2404 3250 2735 3318 Germani-

391 3375 607 3420 corum
673 3351 960 3419 Vimaria
1014 3351 1269 3435 privata
1324 3356 1527 3432 esset,
1601 3349 1890 3415 Herdero
1954 3358 2147 3435 atque
2208 3352 2550 3434 Schillem,
2624 3352 2734 3437 qui

389 3455 681 3540 inprimis
737 3453 1101 3520 dilexerant
1155 3459 1440 3519 nostrum
1503 3451 1859 3535 principem
1875 3500 1892 3534 ‚
1965 3453 2142 3519 Galli
2192 3453 2262 3519 in
2319 3453 2732 3521 Germaniam

389 3558 752 3640 irruperunt
793 3562 875 3638 et,
920 3555 1123 3621 fracta
1155 3554 1574 3621 Borussorum
1616 3554 1852 3620 virtute
1896 3573 1975 3621 ea
2015 3574 2252 3639 pugna,
2299 3575 2465 3638 quae
2506 3553 2735 3623 infelix

390 3678 627 3726 nomen
681 3664 910 3742 postea
964 3657 1049 3723 ab
1105 3656 1265 3722 urbe
1319 3662 1541 3722 nostra
1592 3655 1887 3738 retinuit,
1960 3676 2091 3722 non
2155 3655 2424 3722 multum
2488 3659 2731 3742 aberat,

392 3762 546 3844 quin
592 3759 821 3826 Oarolo
864 3759 1171 3843 Auguste,
1217 3758 1326 3840 qui
1367 3758 1512 3841 ipse
1549 3764 1779 3823 contra
1807 3758 2252 3843 Napoleonem
2296 3758 2731 3843 dimicaverat,
2774 3795 2775 3798 ¹

391 3863 564 3928 avito
608 3860 967 3927 cedendum
1010 3865 1181 3926 esset
1221 3858 1510 3943 imperio,
1553 3859 1680 3925 nisi
1720 3879 1852 3924 una
1891 3860 2155 3941 femina,
2209 3876 2341 3926 non
2383 3861 2737 3945 pugnando

392 3964 509 4030 sed
552 3963 850 4044 viriliter,
911 3961 1213 4028 Veturiae
1264 3960 1500 4042 instar,
1558 3961 1770 4027 minas
1812 3962 2225 4046 Imperatoris
2269 3962 2504 4029 Gallici
2552 3964 2736 4030 susti⁴

392 4064 640 4146 nonde,
712 4063 1081 4131 felicissime
1139 4082 1275 4128 rem
1340 4068 1626 4128 nostram
1692 4062 2093 4130 restituisset.
2191 4064 2339 4129 Non
2400 4064 2731 4148 ignoratis,

393 4167 747 4248 auditores,
792 4185 900 4232 me
941 4165 1154 4232 dicere
1197 4163 1562 4230 Carolinam
1605 4163 1998 4231 Ludovicam
2011 4214 2027 4247 ,
2071 4164 2479 4232 fortissimam
2522 4164 2738 4232 Caroli

393 4268 666 4351 Augusti
706 4286 990 4346 uxorem,
1035 4272 1303 4333 matrem
1345 4265 1654 4349 principis
1692 4266 2061 4333 iuventutis.
2133 4269 2303 4332 Dum
2332 4267 2493 4332 haec
2522 4265 2736 4333 vima-

391 4371 528 4437 riae
582 4374 886 4452 geruntur
941 4366 1334 4435 OAROLUS
1380 4367 1905 4436 FRIDERICUS
1916 4417 1935 4451 ,
1993 4368 2417 4435 contumelias
2464 4368 2737 4451 gallicas
