3499 5219
1700 414 2227 477 *78*

798 581 1259 647 deliberatione
1298 582 1367 645 in
1411 581 1621 647 causis
1674 583 1848 647 vitae
1904 579 2318 664 gravissimis.
2406 581 2490 645 Et
2530 580 2694 645 illud
2738 581 2930 647 etiam
2966 582 3136 647 —vitu-

796 703 951 767 pero
996 683 1185 766 quod,
1233 703 1425 765 quum
1467 684 1536 747 in
1565 684 1850 748 Politicis
1882 683 1965 748 de
1992 703 2122 748 una
2147 682 2457 764 religione
2496 683 2565 746 in
2596 683 2855 747 civitate
2896 683 3138 748 tuenda

800 785 1139 850 dissereret
1180 785 1531 867 urendique
1573 805 1649 850 ac
1692 785 1986 866 secandi,
2035 791 2103 849 ut
2143 785 2283 866 ipse
2327 783 2598 865 dicebat,
2644 791 3030 866 potestatem
3069 785 3138 850 in

798 907 1055 953 errones
1099 893 1162 953 et
1203 889 1559 952 turbatores
1602 892 1995 970 provocaret,
2040 887 2236 968 plane
2280 884 2706 950 dissimulavit
2733 886 2904 967 quod
2948 894 3140 952 antea

795 989 935 1071 ipse
978 989 1047 1052 in
1088 989 1212 1052 hac
1254 1008 1446 1054 causa
1489 996 1888 1072 peccaverat.

966 1091 1119 1156 Post
1171 1090 1459 1172 Lipsium
1524 1091 1717 1173 longo
1785 1090 2125 1157 intervallo
2187 1089 2387 1153 secuti
2450 1094 2597 1153 sunt
2652 1088 2790 1152 Ioh.
2847 1089 3140 1155 Andreas

796 1193 1101 1273 Damius,
1145 1192 1443 1257 hebraice
1488 1190 1909 1276 doctissimus,
1953 1193 2277 1273 Iohannes
2320 1189 2613 1255 Andreas
2657 1191 2903 1272 Bosius,
2951 1191 3142 1256 histo-

795 1296 930 1360 riae
975 1301 1038 1360 et
1079 1293 1523 1375 antiquitatum
1566 1294 2000 1376 gnarissimus,
2046 1293 2183 1357 Ioh.
2229 1292 2585 1356 Immanuel
2628 1292 2958 1357 Walchius
2974 1341 2991 1375 ,
3035 1292 3142 1374 qui

798 1419 941 1464 cum
984 1397 1294 1480 dignitate
1336 1395 1609 1478 praefuit
1638 1396 1926 1461 societati
1968 1395 2209 1460 latinae
2249 1394 2526 1475 lenensi,
2573 1413 2736 1475 quae
2764 1401 3016 1458 mortua
3043 1400 3139 1459 est
3225 1431 3228 1434 ⁴

798 1499 1061 1566 tandem
1105 1518 1244 1562 cum
1290 1496 1681 1561 Eichstadio.
1771 1498 1910 1562 Iam
1953 1516 2105 1562 vero
2163 1493 2754 1561 commemorandus
2811 1502 2908 1561 est
2967 1495 3141 1560 Chri-

798 1604 1042 1669 stianus
1098 1598 1500 1664 Godofredus
1559 1599 1960 1680 Schuetzius,
2029 1599 2167 1680 qui,
2231 1597 2523 1681 inprimis
2576 1597 2902 1681 Aeschylo
2969 1596 3137 1662 edito

798 1707 1027 1787 clarus,
1073 1708 1299 1786 postea
1328 1708 1612 1766 actorum
1645 1700 2012 1766 diurnorum
2041 1701 2488 1765 litterariorum
2517 1699 2916 1763 institutione
2945 1699 3139 1765 Ienae

797 1808 1081 1890 amplum
1123 1805 1374 1887 aperuit
1403 1823 1716 1885 campum,
1764 1823 1887 1885 quo
1918 1803 2171 1867 criticae
2209 1803 2364 1867 artis
2407 1800 2827 1884 peritissimus
2857 1801 3137 1883 quisque,

796 1912 864 1975 in
910 1909 1137 1991 quibus
1195 1906 1389 1971 ctiam
1434 1905 1775 1987 Goethius‚
1847 1905 2194 1971 Schillerus
2249 1911 2314 1968 et
2376 1901 2778 1967 Humboldtii
2833 1902 3140 1983 multique

796 2012 909 2075 alii
951 2010 1190 2092 egregii
1217 2008 1357 2089 viri,
1402 2027 1635 2071 novam
1666 2026 1934 2088 eamque
1963 2007 2299 2070 universae
2329 2004 2712 2069 Germaniae
2741 2004 3141 2069 utilissimam

797 2111 885 2177 ad
926 2131 1147 2176 verum
1188 2108 1706 2190 investigandum
1771 2109 2105 2172 materiam
2150 2108 2649 2190 explicaverunt.
2736 2105 2986 2168 Primus
3027 2104 3142 2169 fuit

798 2213 1171 2280 Schuetzius
1215 2211 1611 2293 philologus,
1660 2210 1769 2291 qui
1811 2210 2202 2279 Kantianam
2245 2207 2718 2291 philosophiam
2760 2206 2964 2289 primo
3009 2213 3130 2273 sta-

795 2317 911 2380 tim
956 2312 1434 2397 ephemeridum
1478 2332 1649 2377 anno
1694 2312 2033 2377 Germanis
2089 2311 2465 2394 explanaret
2522 2308 3134 2390 commendaretque.

798 2417 1006 2495 Quam
1047 2400 1216 2480 bene
1260 2414 1452 2478 etiam
1510 2414 1711 2478 latine
1756 2420 1974 2496 posset
2017 2412 2098 2479 de
2140 2413 2530 2495 argumentis
2574 2411 2976 2494 philosophis
3021 2410 3141 2475 dis-

798 2518 1037 2602 putari,
1099 2516 1561 2581 demonstravit
1617 2516 2067 2581 Leibnitianae
2123 2513 2567 2599 philosophiae
2624 2533 2766 2578 cum
2819 2512 3142 2577 Kantiana

799 2619 1272 2703 comparatione
1315 2625 1380 2683 et
1422 2619 1790 2710 Kantianae
1836 2618 1916 2685 de
1959 2619 2167 2702 spatio
2213 2625 2276 2683 et
2317 2625 2603 2700 tempore
2668 2616 2995 2681 doctrinae
3039 2635 3140 2681 ex-

798 2722 1190 2805 planatione.
1264 2721 1419 2785 Post
1447 2720 1848 2786 Schuetzium
1891 2720 2090 2784 secuti
2118 2727 2265 2785 sunt
2291 2719 2696 2784 Abrahamus
2737 2717 3140 2783 Eichstadius

802 2831 866 2889 et
907 2820 1357 2888 Ferdinandus
1400 2821 1722 2903 Handius,
1771 2822 2093 2902 Saxones,
2140 2840 2404 2902 quorum
2445 2822 2590 2901 ille,
2650 2839 2838 2902 quem
2883 2818 3138 2885 Godofr.

799 2925 1205 2989 Hermannus
1250 2924 1499 2988 dixerat
1540 2924 1724 2988 latini
1780 2924 2088 2989 sermonis
2146 2924 2504 3005 elegantiae
2544 2922 2925 2986 imitatorem
2971 2942 3139 3004 egre-

799 3027 1006 3108 gium,
1063 3032 1210 3109 post
1253 3025 1568 3091 Schuetzii
1611 3024 1959 3091 discessum
2002 3045 2172 3090 nova
2215 3025 2447 3089 diurna
2487 3025 2797 3090 litteraria
2836 3025 2929 3088 ita
2969 3026 3141 3090 insti·

800 3128 939 3209 tuit,
986 3134 1073 3209 ut,
1120 3127 1260 3208 quis
1304 3127 1592 3211 Iuppiter
1635 3134 1806 3192 esset
1850 3128 1992 3209 quis
2034 3127 2413 3209 Amphitruo
2432 3176 2448 3208 ,
2495 3127 2677 3190 multi
2720 3127 3039 3192 nescirent
3080 3133 3140 3192 et

801 3229 1206 3295 Schuetzium
1249 3228 1813 3310 Eichstadiumque
1856 3230 1989 3294 fere
2018 3229 2467 3293 Menaechmos
2512 3248 2653 3293 esse
2695 3228 3009 3293 litteratos
3051 3248 3141 3293 re-

800 3330 959 3412 liqui
1004 3329 1353 3395 crederent.
1430 3329 1608 3409 Quae
1655 3331 1885 3395 diurna
1929 3330 2162 3396 deinde
2204 3330 2515 3412 Handius‚
2560 3332 2660 3394 vir
2688 3330 2905 3395 variae
2937 3331 3141 3414 copio-

801 3452 1039 3514 saeque
1081 3431 1472 3512 eruditionis,
1519 3432 1697 3497 senio
1726 3432 2081 3498 Eichstadii
2125 3433 2582 3515 propemodum
2613 3432 2918 3515 confecta,
2966 3432 3142 3514 quasi

805 3554 841 3599 e
884 3540 1087 3599 morte
1132 3534 1519 3599 exsuscitata
1561 3535 1859 3600 alacriter
1903 3534 2204 3600 enutrivit
2258 3535 2462 3599 donec
2503 3541 2744 3599 mutato
2789 3540 3141 3618 temporum

801 3635 1093 3717 ingeni0,
1165 3635 1335 3717 quod
1389 3635 1817 3702 universalem
1875 3637 2226 3702 litterarum
2287 3643 2479 3719 atque
2545 3637 3142 3721 encyclopaedicam

804 3738 1310 3807 communionem
1353 3757 1653 3820 respuere
1695 3760 1867 3804 nunc
1909 3739 2161 3804 videtur
2203 3745 2393 3821 atque
2437 3740 2750 3821 aversari,
2811 3738 2961 3803 dum
3021 3740 3145 3805 sin-

803 3839 1095 3921 gularum
1138 3859 1347 3904 rerum
1378 3841 1758 3922 cognitionis
1801 3841 2316 3907 accuratissimae
2346 3842 2659 3907 curiosum
2702 3848 2817 3922 est,
2862 3860 3004 3906 cum
3049 3862 3144 3908 ce-

802 3941 956 4006 teris
998 3940 1132 4006 fere
1186 3943 1480 4007 omnibus
1523 3943 1906 4009 Germaniae
1964 3943 2209 4009 diurnis
2272 3944 2741 4010 universalibus
2785 3942 2995 4007 denuo
3041 3964 3144 4008 ex-

804 4043 1237 4125 spiraverunt,
1282 4051 1416 4108 tum
1461 4044 1715 4110 demum
1760 4046 1842 4110 ab
1886 4045 2107 4110 inferis
2151 4046 2331 4127 quasi
2373 4046 2766 4126 revocanda,
2826 4066 3018 4127 quum
3061 4045 3146 4110 ad

802 4144 1275 4227 philosophiam
1318 4148 1641 4212 saeculum
1685 4167 1756 4212 se
1798 4148 2127 4230 receperit,
2171 4148 2452 4213 omnium
2497 4148 2976 4231 disciplinarum
3016 4169 3146 4213 ma-

803 4246 1043 4310 tricem.
1160 4246 1337 4313 Inter
1405 4249 1770 4331 philologos
1846 4256 2097 4314 nostros
2167 4250 2799 4317 honorificentissime
2872 4250 3145 4332 denique

804 4348 1236 4414 nominandus
1281 4350 1400 4414 erit
1443 4349 1707 4416 Carolus
1749 4350 2067 4433 Reisigius
2112 4351 2506 4436 Thuringus,
2563 4354 2663 4418 vir
2716 4354 3014 4435 egregiae
3053 4353 3145 4417 in-
