3499 5219
1312 445 1448 452 -.-
1534 410 1842 474 39-

394 583 625 638 versus
669 571 929 656 Georgii
974 575 1263 641 Cracovii
1277 624 1294 658 ,
1369 576 1507 641 Ioh.
1565 578 2055 662 Bugenhagenii
2111 582 2333 664 generi
2347 631 2364 666 ‚
2438 585 2752 653 Electoris

392 674 672 756 Augusti
714 676 1093 741 consiliarii:

687 845 966 924 Quisquis
1010 848 1086 907 ad
1128 848 1287 909 hunc
1326 851 1615 911 tumulum
1656 851 1901 912 veniens
1943 853 2197 915 subsiste
2239 856 2451 938 viator,

769 932 882 992 Hic
925 934 1128 993 Musae
1173 939 1370 994 vatem
1415 954 1796 1013 composuere
1840 956 2030 1015 suum,

686 1015 993 1094 Stigelium
1035 1023 1249 1097 vatem,
1296 1039 1414 1096 quo
1457 1021 1654 1081 dulcia
1695 1023 1925 1098 plectra
1968 1028 2239 1084 movente

772 1101 1091 1179 Obstupuit
1132 1105 1328 1181 posita
1369 1107 1579 1166 Delius
1622 1106 1749 1183 ipse
1795 1108 1949 1182 lyra.

683 1188 949 1247 Naturae
993 1208 1128 1247 nam
1169 1190 1326 1249 dona
1368 1209 1510 1250 suae
1555 1192 1831 1267 provexit
1874 1193 1950 1252 ab
1994 1197 2141 1272 arte,
2708 1204 2742 1260 5

768 1274 848 1332 Vt
890 1292 1001 1350 par
1045 1274 1315 1353 Virgilio,
1361 1276 1445 1336 sic
1486 1276 1593 1336 tibi
1635 1277 1799 1337 Naso
1846 1276 1979 1355 fuit,

681 1357 898 1418 Dicere
942 1359 992 1418 si
1036 1359 1225 1438 liceat,
1269 1360 1470 1420 forsan
1514 1380 1754 1438 quoque
1797 1362 1980 1422 maior
2023 1366 2297 1444 utroque,

767 1444 885 1503 Pro
932 1443 1172 1504 Phoebo
1215 1445 1276 1504 in
1321 1446 1487 1506 cuius
1533 1447 1789 1506 carmine
1836 1446 2103 1507 Christus
2148 1452 2292 1509 erat.

684 1528 969 1588 Carminis
1012 1529 1148 1589 hinc
1191 1530 1422 1606 spirans
1466 1551 1596 1591 cum
1638 1531 1941 1591 maiestate
1984 1531 2232 1593 nitorem

765 1614 1078 1673 Fundebat
1120 1616 1332 1691 grandi
1372 1618 1560 1677 verba
1601 1617 1787 1693 ligata
1829 1635 1990 1676 sono.
2668 1628 2740 1683 10

680 1699 926 1775 Ingenio
969 1699 1171 1765 similis
1215 1702 1485 1775 quaesita
1527 1705 1616 1760 est
1658 1702 1851 1777 gloria
1892 1703 2119 1782 paucis,

764 1784 933 1843 Illius
974 1784 1034 1843 in
1077 1787 1324 1862 plausus
1365 1786 1542 1846 docta
1582 1786 1816 1846 theatra
1858 1793 2087 1847 sonant.

680 1869 777 1928 Illi
820 1887 929 1928 ceu
972 1869 1159 1945 primo
1203 1871 1421 1931 florens
1465 1872 1603 1931 data
1646 1873 1852 1931 laurea
1895 1876 2094 1932 vatum

766 1954 873 2013 Est
915 1955 1202 2032 manibus,
1250 1955 1468 2015 Caesar
1514 1956 1723 2016 Carole
1771 1956 1995 2035 quinte,
2040 1957 2175 2017 tuis.

680 2039 983 2098 Laudibus
1027 2040 1252 2099 eximiis
1296 2044 1355 2100 et
1397 2045 1635 2118 praeter
1680 2042 1952 2101 carminis
1996 2061 2166 2103 usum
2666 2050 2739 2106 15

764 2124 1077 2184 Praeditus
1119 2125 1340 2201 ingenii
1384 2127 1731 2203 consiliique
1776 2125 1904 2186 fuit.

679 2210 756 2268 Et
798 2209 999 2285 gravis
1045 2213 1103 2269 et
1144 2210 1352 2289 iustus,
1395 2230 1507 2271 nec
1550 2211 1726 2271 castis
1769 2212 2029 2271 moribus
2073 2213 2272 2291 orbus,

764 2294 833 2352 In
881 2293 1097 2353 Christi
1141 2295 1349 2355 laudes
1393 2296 1730 2356 ambitiosus
1776 2300 1921 2355 erat.
2311 2301 2315 2304 ’

679 2379 839 2455 Ergo
882 2379 1021 2438 licet
1062 2398 1250 2455 parva
1294 2399 1509 2457 corpus
1552 2381 1863 2441 claudatur
1902 2381 1963 2440 in
2006 2399 2175 2459 urna,

761 2464 903 2523 Alta
941 2468 1135 2524 tamen
1176 2465 1357 2524 vivax
1399 2466 1556 2526 fama
1597 2485 1706 2542 per
1748 2468 1911 2526 astra
1953 2467 2131 2525 volat.
2658 2471 2736 2529 20

679 2548 856 2608 Salve
903 2568 1038 2609 care
1083 2550 1193 2609 deo
1238 2555 1423 2630 vates,
1470 2551 1565 2611 cui
1609 2555 1783 2628 grata
1827 2552 2102 2629 canebas,

764 2634 873 2694 Cui
914 2636 1155 2712 plenum
1197 2635 1390 2696 Aonio
1433 2637 1669 2696 flumine
1715 2641 1923 2713 pectus
1968 2640 2113 2696 erat.

677 2719 773 2779 Tu
817 2738 974 2779 nunc
1015 2720 1283 2780 Lotichio
1328 2722 1560 2781 iunctus
1605 2722 1898 2799 doctoque
1943 2721 2240 2800 Sabin0,·¹)

761 2802 923 2877 Quos
966 2806 1164 2881 rapuit
1205 2807 1394 2882 spatio
1439 2807 1632 2867 Parca
1674 2825 1886 2867 severa
1927 2807 2115 2884 brevi,

679 2888 959 2966 Quosque
1003 2895 1174 2968 pater
1214 2895 1415 2950 vatum
1458 2892 1784 2967 praecessit
1826 2895 2012 2952 morte
2054 2890 2390 2971 Philippus,
2654 2897 2733 2954 25

763 2974 871 3034 Cui
915 2976 1140 3050 gaudes
1184 2977 1349 3035 coelo
1392 2977 1695 3053 proximus
1738 2994 1868 3036 esse
1914 2993 2138 3054 comes;

674 3061 836 3135 Ergo
880 3060 1036 3119 omni
1079 3078 1223 3119 cura
1266 3066 1541 3137 expertes
1584 3062 1862 3137 vitaeque
1905 3062 2109 3121 labore

757 3144 1010 3220 Fingitis
1050 3149 1292 3205 aeterno
1336 3147 1594 3205 carmina
1636 3150 1810 3223 grata
1851 3145 1981 3205 deo.

672 3229 805 3289 Illic
847 3223 1001 3288 livbr
1044 3231 1212 3290 abest
1253 3231 1452 3292 omnis.
1480 3231 1795 3307 rabiesque
1838 3232 2142 3308 malorum,

758 3316 895 3374 Non
938 3318 1212 3391 superest
1248 3315 1434 3376 iustus
1476 3320 1610 3394 post
1651 3335 1761 3376 sua
1802 3316 1924 3375 fata
1966 3315 2153 3377 labor.
2652 3321 2728 3377 30

381 3499 629 3566 Addita
672 3498 998 3582 epitaphio
1042 3504 1141 3563 est
1182 3500 1405 3564 tabula
1448 3501 1531 3565 ab
1574 3501 1764 3565 Petro
1809 3498 2230 3576 Gottlandi02)
2273 3497 2446 3582 picta
2486 3499 2555 3564 in
2601 3521 2728 3583 qua

376 3606 901 3685 repraesentatur
942 3599 1128 3665 navis
1175 3600 1494 3667 Christum
1537 3622 1678 3667 cum
1723 3602 2053 3686 discipulis
2094 3620 2325 3685 gerens
2340 3649 2358 3683 ,
2417 3621 2536 3686 per
2589 3624 2731 3686 pro-

382 3704 584 3769 cellas
625 3701 821 3766 maris
861 3707 1066 3767 vecta.
1125 3702 1302 3768 Haec
1344 3704 1517 3787 picta
1559 3711 1657 3771 est
1698 3704 1786 3769 ad
1829 3724 2084 3769 carmen
2113 3702 2395 3786 Stigelii:
2441 3701 2728 3770 Christus

376 3805 453 3870 in
494 3803 666 3886 navi,
712 3802 1003 3893 additum
1047 3804 1316 3869 orationi
1360 3806 1500 3889 ejus
1544 3806 1627 3873 de
1671 3806 1918 3889 origine
1961 3826 2079 3871 usu
2122 3804 2432 3870 sermonis
2482 3808 2665 3871 1559.

520 4110 556 4170 1)
592 4111 711 4177 Ipse
747 4109 1020 4160 Cracovius
1055 4109 1319 4172 utriusque
1354 4114 1534 4174 poetae
1569 4108 1888 4176 epitaphium
1923 4108 2210 4174 scripserat.
2346 4105 2385 4169 ²)
2429 4107 2489 4159 V.
2528 4107 2588 4158 de
2633 4109 2727 4159 hoc

378 4196 581 4262 pictore
624 4196 735 4247 Chr.
775 4194 1111 4247 Schuchardt:
1147 4192 1314 4244 Lucas
1351 4193 1581 4244 Cranach
1615 4195 1656 4243 Ι.
1692 4210 1742 4260 p.
1782 4195 1898 4246 211.
1937 4195 2052 4245 249.
2088 4197 2139 4242 et
2173 4193 2258 4243 in:
2307 4191 2495 4242 Archiv
2528 4192 2610 4243 flu·
2646 4193 2727 4243 die

383 4279 728 4331 zeichnenden
762 4278 976 4330 Kunste.
1015 4280 1057 4341 I,
1099 4281 1145 4332 1.
1180 4277 1270 4328 ubi
1304 4294 1486 4329 nomen
1523 4278 1632 4358 eius
1667 4278 1740 4329 sic
1776 4279 2035 4345 profertur
2068 4280 2218 4328 Peter
2241 4276 2537 4328 Roddelstet
2564 4277 2726 4329 Maler

381 4380 477 4415 aus
513 4364 798 4415 Gottlandt.
