3499 5219
1419 434 1843 495 „77—

575 608 781 677 Venio
824 629 997 674 nune
1038 607 1126 673 ad
1168 607 1457 674 ordinem
1500 607 2029 691 philosophorum
2073 608 2462 690 Ienensium,
2508 607 2635 692 qui,
2682 617 2751 676 ut

399 713 693 773 extrema
736 710 909 777 acies
953 712 1266 777 exercitus
1308 710 1555 775 romani
1571 758 1588 792 ,
1634 729 1676 773 a
1718 708 1992 774 Camillo
2037 709 2191 774 olim
2232 710 2558 794 instructa,
2605 729 2750 777 con-

397 815 532 874 stat
591 830 673 876 ex
738 813 1027 895 pluribus
1084 813 1360 878 vexillis.
1445 813 1728 877 Primum
1781 812 2092 877 vexillum
2147 813 2491 895 producam
2547 817 2753 900 philo-

398 912 695 994 logorum
737 920 997 997 propter
1042 912 1200 980 duas
1244 935 1501 999 causas3
1576 934 1843 997 quarum
1899 915 2105 980 altera
2146 915 2215 980 in
2261 936 2335 981 eo
2380 920 2590 1001 posita
2634 928 2748 1003 est,

403 1013 579 1093 quod
620 1015 975 1098 philologia
1017 1023 1114 1081 est
1155 1023 1359 1082 mater
1399 1016 1898 1098 reformationis,
1944 1037 2222 1082 noverca
2265 1020 2749 1104 superstitionis,

402 1115 611 1180 altera
651 1116 823 1198 quod
863 1118 1227 1201 philologus
1282 1118 1400 1183 fuit
1441 1119 1682 1201 primus
1725 1118 2048 1201 professor
2089 1120 2380 1187 Ienensis
2395 1170 2411 1203 ,
2473 1123 2753 1189 Ioannes

404 1216 710 1299 Stigelius
774 1219 1137 1303 Gothanus,
1207 1227 1400 1304 poeta
1468 1220 1932 1286 reformationis
1998 1221 2268 1304 latinus,
2332 1223 2754 1307 philosophus

408 1320 835 1402 Aristotelius,
879 1322 1215 1405 theologus
1243 1323 1904 1388 Melanchthonianus.
1963 1320 2166 1401 Quem
2211 1325 2429 1407 paullo
2472 1334 2617 1409 post
2658 1347 2753 1393 se-

403 1428 590 1486 cutus
636 1430 733 1488 est
775 1424 1154 1489 Laurentius
1198 1423 1732 1505 Rhodomannus,
1794 1424 1997 1506 Saxo,
2060 1432 2252 1507 poeta
2302 1446 2567 1508 graecus
2623 1450 2752 1494 non

401 1524 738 1606 ignobilis,
798 1527 974 1590 cuius
1032 1526 1316 1590 carmina
1369 1527 1657 1607 heroica,
1715 1526 1856 1591 sine
1911 1529 2169 1593 nomine
2226 1528 2400 1593 edita
2457 1532 2748 1613 auctoris,

401 1624 590 1689 multi
631 1625 884 1692 fuerunt
927 1629 1035 1709 qui
1092 1648 1207 1710 pro
1263 1647 1415 1693 vere
1468 1629 1714 1710 graecis
1770 1629 2112 1710 haberent,
2172 1635 2305 1693 tam
2359 1630 2629 1696 feliciter
2682 1652 2753 1699 se

402 1727 805 1809 applicuerat
846 1730 1053 1812 poetis
1086 1730 1488 1795 Graecorum.
1562 1730 1658 1794 Ac
1701 1732 1757 1796 si
1801 1730 2136 1812 Stigelium
2167 1730 2300 1795 dixi
2343 1733 2615 1797 latinum
2657 1754 2751 1800 re·

401 1829 801 1895 formationis
829 1838 1104 1914 poetam,
1150 1830 1684 1896 Rhodomannum
1728 1832 1948 1897 licebit
1975 1831 2187 1898 dicere
2216 1853 2512 1914 graecum
2541 1842 2754 1900 vatem

403 1930 903 2016 reformationis3
960 1934 1066 1997 hic
1121 1935 1291 1999 enim
1344 1955 1474 1998 non
1517 1934 1735 2017 inepte
1790 1933 1925 1998 fata
1979 1933 2307 2016 religionis
2351 1935 2751 2019 christianae,

402 2033 605 2096 vitam
648 2034 941 2117 Lutheri,
1002 2036 1164 2116 alia,
1223 2036 1512 2101 versibus
1555 2036 1784 2100 extulit
1838 2056 1969 2100 non
2010 2036 2414 2119 insuavibus3
2470 2045 2534 2102 et
2576 2058 2756 2121 prae-

404 2141 582 2200 terea
608 2141 741 2199 tam
770 2137 1025 2219 egregie
1058 2137 1403 2221 discipulos
1433 2158 1582 2203 suos
1609 2157 1843 2220 graeca
1883 2137 2106 2219 lingua
2144 2138 2389 2221 imbuit,
2432 2147 2504 2204 ut
2530 2148 2756 2223 postea

407 2236 819 2321 Vitebergam
883 2247 1234 2305 vocaretur.
1336 2241 1678 2304 Praeterea
1740 2239 1810 2303 hi
1866 2238 1992 2304 duo
2047 2240 2251 2321 magis
2309 2240 2397 2307 de
2448 2261 2523 2306 eo
2583 2243 2753 2324 quod

406 2340 740 2422 pulchrum
813 2348 910 2406 est
964 2342 1032 2405 in
1087 2343 1364 2424 antiquis
1420 2342 1832 2424 scriptoribus
1887 2360 1964 2405 ac
2018 2342 2223 2423 poetis
2270 2341 2756 2425 disputaverunt

407 2460 598 2521 quam
645 2440 724 2507 de
770 2463 845 2508 eo
891 2445 1060 2526 quod
1119 2444 1487 2527 primarium
1544 2450 1641 2508 est
1694 2444 1765 2507 in
1821 2442 2203 2526 philologia,
2262 2443 2544 2508 criticam
2591 2445 2752 2511 dico.

405 2544 634 2626 Neque
665 2544 746 2609 de
775 2546 1258 2629 antiquitatibus
1280 2547 1384 2612 vel
1412 2545 1798 2611 Graecorum
1828 2545 1933 2611 vel
1962 2545 2393 2609 Romanorum
2419 2548 2754 2631 quicquam

406 2647 771 2729 attigerunt.
840 2650 917 2712 In
961 2655 1229 2731 utroque
1272 2649 1443 2714 enim
1487 2668 1723 2731 genere
1754 2646 1929 2730 apud
1970 2667 2088 2712 nos
2133 2648 2406 2730 primum
2451 2651 2754 2715 excelluit

405 2749 618 2814 Iustus
661 2751 937 2834 Lipsius,
983 2751 1284 2832 Batavus,
1330 2751 1473 2814 miri
1516 2751 1826 2815 acuminis
1867 2750 2059 2814 homo
2091 2754 2154 2813 et
2195 2750 2564 2832 multiplicis
2611 2752 2755 2818 doc-

405 2852 643 2933 trinae,
722 2872 908 2934 quem
963 2859 1132 2917 recte
1180 2852 1415 2918 dixeris
1468 2853 1748 2917 inclutae
1792 2853 2081 2916 Batavae
2138 2851 2529 2934 philologiae
2575 2854 2757 2935 quasi

404 2971 901 3036 praecursorem.
975 2955 1315 3020 Praeterea
1359 2955 1551 3020 etiam
1594 2953 2042 3037 philosophiae
2085 2953 2343 3035 studuit,
2389 2973 2753 3037 quanquam

406 3076 538 3119 non
582 3057 1146 3139 contemplativae,
1206 3057 1322 3122 sed
1364 3063 1663 3121 actuosae
1707 3063 1956 3135 tamen,
2006 3074 2170 3136 quae
2215 3055 2471 3137 dicitur,
2518 3057 2625 3120 vel
2670 3057 2749 3137 ei,

408 3177 534 3240 qua
576 3158 741 3223 actio
785 3159 958 3223 vitae
1003 3159 1379 3223 continetur.
1456 3160 1623 3223 Nam
1651 3159 1719 3222 in
1748 3156 2035 3221 Politicis
2078 3156 2454 3238 plerumque
2498 3164 2752 3225 secutus

408 3265 505 3324 est
547 3266 838 3325 auctores
883 3262 1209 3343 antiquos,
1275 3261 1566 3344 inprimis
1610 3259 2021 3325 Aristotelem
2066 3264 2130 3322 et
2173 3260 2495 3341 Tacitum,
2542 3260 2756 3324 confu-

405 3361 567 3425 tavit
608 3368 823 3426 tamen
869 3363 1057 3427 etiam
1091 3363 1603 3443 Machiavellum,
1647 3362 1716 3425 in
1760 3361 2004 3426 Ethicis
2049 3360 2286 3426 stoicae
2326 3361 2619 3443 inprimis
2665 3361 2756 3426 di-

406 3463 719 3545 sciplinae
764 3484 1023 3547 operam
1069 3463 1262 3531 dedit.
1351 3465 1446 3529 Ac
1490 3465 1686 3529 Ienae
1739 3462 1996 3545 quidem
2050 3462 2279 3527 iterum
2343 3462 2626 3527 edolavit
2681 3463 2754 3527 li-

405 3565 650 3629 bellum
695 3564 774 3630 de
818 3567 1194 3649 constantia,
1243 3565 1341 3630 vir
1381 3566 1450 3630 in
1495 3566 1667 3630 omni
1711 3565 1847 3629 vita
1888 3564 2527 3629 inconstantissimus.
2585 3566 2753 3630 Nam

407 3687 598 3750 quum
641 3668 724 3732 ab
768 3667 949 3733 initio
994 3668 1382 3734 Granvellae
1412 3668 1724 3733 cardinali
1763 3666 1985 3731 fuisset
2011 3666 2093 3731 ab
2138 3667 2425 3748 epistolis
2469 3688 2618 3731 mox
2659 3687 2756 3732 re·

405 3769 714 3834 formatae
757 3771 840 3835 ab
895 3771 1175 3836 Luthero
1221 3771 1527 3836 ecclesiae
1571 3768 2017 3852 cupidissimus
2060 3768 2141 3833 ob
2188 3787 2454 3849 eamque
2496 3789 2754 3835 causam

407 3872 633 3935 Ienam
676 3872 996 3955 profectus
1040 3880 1284 3956 postea,
1331 3873 1453 3937 hoc
1497 3871 1734 3955 oppido
1780 3870 2137 3934 clanculum
2183 3870 2434 3952 relicte,
2480 3870 2565 3934 ad
2611 3870 2751 3934 Cal-

404 3973 543 4040 vini
588 3973 940 4038 doctrinam
984 3975 1340 4057 transfugit,
1388 3993 1590 4055 eaque
1633 3973 1853 4055 paullo
1896 3977 2043 4053 post
2087 3969 2340 4036 deserta
2370 3977 2433 4036 et
2461 3972 2753 4036 abiurata

404 4075 473 4139 in
516 4075 707 4140 fidem
752 4077 1131 4141 catholicam
1176 4096 1391 4142 rursus
1435 4096 1504 4141 se
1546 4075 1806 4158 recepit.
1895 4073 2062 4137 Nolo
2108 4073 2500 4155 vituperare,
2561 4074 2616 4137 si
2673 4092 2754 4138 ex

406 4177 605 4241 animi
646 4179 967 4244 sententia
1006 4179 1186 4261 fecit,
1232 4200 1361 4243 non
1403 4183 1662 4262 propter
1702 4176 1874 4240 vitae
1918 4173 2429 4239 commoditatem
2469 4173 2755 4238 iucundi-

406 4284 746 4362 tatemque,
792 4279 862 4344 id
904 4288 1120 4345 tamen
1161 4280 1658 4363 reprehensione
1701 4299 1832 4343 non
1871 4276 2207 4359 indignum
2238 4295 2379 4341 esse
2407 4275 2659 4340 videtur
2686 4275 2755 4340 in

408 4382 647 4466 Lipsio,
694 4382 865 4465 quod
908 4384 1285 4466 plerumque
1313 4403 1443 4447 non
1473 4381 1769 4447 utebatur
1798 4379 2048 4445 consilii
2076 4375 2376 4460 capiendi
2404 4377 2752 4459 tranquilla
