3499 5219
1676 406 2243 471 —146—

792 579 954 645 dixit
998 579 1255 640 lenimen
1301 576 1477 639 dulce
1517 586 1815 639 senectae.
1906 575 2215 653 Quocirca
2270 575 2573 657 putabam
2630 573 2934 656 scriptum
2996 579 3145 636 esse

794 682 876 747 ab
921 680 1214 747 Horatio:

1751 800 1786 841 o
1830 783 2097 842 laborum

1376 863 1563 938 Quale
1609 867 1860 929 lenimen
1904 867 2041 925 mihi
2086 885 2337 942 cumque
2378 866 2543 925 salve

1752 953 1884 1010 Rite
1928 951 2183 1011 vocanti.

800 1103 986 1183 Quod
1029 1103 1111 1167 ab
1158 1122 1233 1167 eo
1267 1101 1521 1166 videtur
1565 1109 1790 1185 postea
1833 1109 2142 1166 mutatum
2188 1120 2330 1166 esse
2373 1101 2441 1164 in
2486 1098 2664 1161 dulce
2706 1098 2985 1167 lenimen,
3035 1097 3135 1178 qui

798 1204 1030 1272 tmesin
1088 1210 1200 1269 aut
1255 1223 1387 1267 non
1441 1202 1831 1285 intelligeret
1887 1210 1997 1268 aut
2044 1203 2314 1268 haberet
2356 1201 2787 1267 duriusculam
2804 1201 2867 1275 ¹).
2956 1199 3137 1263 Nunc

798 1306 991 1389 igitur
1031 1305 1194 1370 haee
1236 1305 1355 1371 erit
1398 1306 1745 1370 sententia:
1803 1306 1936 1386 Tu,
1984 1325 2020 1367 o
2063 1304 2239 1388 lyra,
2284 1324 2448 1386 quae
2490 1301 2743 1365 Phoebo
2789 1321 2858 1366 es
2905 1300 3134 1379 decori,

801 1408 945 1471 Iovi
980 1405 1386 1488 iucunditati,
1448 1406 1618 1490 mihi,
1651 1426 1721 1472 es
1780 1407 2062 1472 lenimen
2115 1406 2404 1470 laborum
2461 1405 2935 1489 qualecumque.-
2998 1403 3040 1466 i.
3084 1421 3136 1466 6.

802 1507 1099 1591 quicquid
1157 1508 1239 1573 de
1294 1509 1410 1573 tali
1461 1509 1771 1573 lenimine
1824 1509 2074 1592 poetico
2120 1508 2402 1574 sentiant
2442 1507 2587 1588 alii,
2643 1505 2832 1586 mihi,
2893 1503 3139 1569 mortali

802 1616 1048 1694 poetae,
1096 1628 1164 1674 es
1206 1610 1490 1675 lenimen
1530 1610 1842 1675 laborum.
1931 1611 2127 1675 Nullo
2169 1611 2362 1693 igitur
2403 1608 2596 1673 modo
2638 1609 2782 1692 ipsa
2821 1605 3141 1672 leniminis

801 1712 901 1778 vis
941 1711 1064 1775 hoc
1106 1712 1484 1793 pronomine
1526 1711 1816 1777 adhibito
1868 1713 1936 1776 in
1988 1733 2097 1778 ore
2140 1712 2385 1776 Horatii
2439 1707 2784 1794 frangitur,
2843 1708 2960 1774 sed
3016 1728 3139 1771 mo-

805 1814 1015 1895 deste,
1072 1818 1142 1877 ut
1184 1813 1379 1895 solet,
1440 1812 1521 1877 de
1565 1834 1680 1878 sua
1723 1821 1862 1879 arte
1904 1814 2144 1879 iudicat
2186 1821 2406 1896 poeta,
2466 1813 2623 1878 satis
2665 1817 3031 1891 contentae,
3085 1810 3136 1874 si

805 1913 928 1980 sibi
971 1914 1369 1995 aliquantum
1410 1914 1743 1980 lenimenti
1787 1916 2015 1981 afferat
2057 1917 2290 1999 poesis.
2371 1914 2570 1979 Multo
2616 1912 3036 1978 confidentius
3076 1912 3140 1975 in

806 2015 998 2081 simili
1040 2016 1290 2080 ratione
1334 2015 1416 2081 de
1446 2035 1515 2081 se
1543 2016 1851 2082 iudicavit
1882 2016 2101 2084 Cicero
2133 2014 2305 2082 Orat.
2340 2020 2452 2080 37:
2497 2015 2573 2077 In
2621 2036 2741 2099 quo
2787 2024 2859 2076 ut
2897 2014 3143 2076 viderer

809 2118 1138 2187 excellere,
1186 2137 1307 2179 non
1353 2119 1614 2199 z‘nqem'o,
1659 2120 1777 2181 sed
1815 2120 2034 2182 dolore
2079 2118 2467 2203 exsequebar.
2558 2115 2729 2196 Quae
2773 2117 3143 2200 qualiacum-

809 2238 927 2302 que
967 2219 1030 2279 in
1074 2238 1170 2279 me
1211 2227 1358 2280 sunt
1397 2219 1521 2300 (me
1555 2222 1721 2303 ¹enim
1769 2223 1965 2305 ipsum
2010 2242 2132 2284 nou
2172 2222 2454 2305 poenitet
2498 2239 2590 2303 qu
2608 2227 2790 2280 anta.
2844 2219 2996 2296 sint)
3041 2216 3148 2278 sed

810 2329 1121 2403 apparent
1170 2321 1233 2381 in
1289 2320 1688 2384 orationibus·
1780 2322 2085 2389 Similiter
2127 2320 2396 2388 Ovidius
2439 2322 2654 2386 Amor.
2697 2320 2817 2401 III,
2871 2326 2967 2401 15,
3019 2323 3142 2383 13.:

1158 2471 1323 2547 Quae
1365 2479 1610 2554 tantum,
1653 2476 1827 2555 dicet,
1872 2477 2143 2554 potuistis
2186 2475 2344 2536 ferre
2388 2480 2641 2554 poetam,

1259 2557 1795 2640 Quantulacunque
1839 2563 1998 2641 estis,
2045 2580 2154 2623 vos
2197 2581 2308 2639 ego
2353 2579 2579 2639 maqna
2620 2579 2785 2622 voco,

817 2708 1097 2792 Vterque
1136 2708 1328 2791 igitur
1367 2710 1633 2776 adiectis
1677 2713 2159 2795 pronominibus
2205 2714 2674 2797 qualiacumque
2716 2719 2781 2777 et
2824 2712 3148 2796 quantula-

815 2831 1051 2895 cunque
1106 2832 1234 2875 non
1292 2832 1470 2876 suam
1522 2813 1663 2896 ipse
1705 2816 1948 2879 levavit
1992 2815 2359 2898 opinionem
2404 2814 2487 2880 de
2528 2815 2789 2896 ingenio
2834 2834 2979 2893 suc,
3036 2812 3148 2877 sed

811 2912 1121 2978 indicavit
1162 2920 1438 2995 tantum,
1496 2934 1567 2980 se
1622 2936 1753 2980 non
1806 2917 2072 2980 multum
2125 2936 2348 2981 curare
2389 2918 2659 2981 aliorum
2703 2915 2955 2979 iudicia.
3048 2914 3153 2979 Sie

813 3015 1004 3080 etiam
1048 3013 1347 3080 Horatius
1393 3013 1474 3081 de
1516 3016 1825 3082 lenimine
1867 3038 1980 3083 suo
2026 3018 2242 3083 sensit.

1689 3272 2282 3282 m—-ff———m-

1234 3471 1352 3535 DE
1395 3469 1615 3538 Loco
1659 3470 2019 3538 HORATII
2064 3470 2316 3539 ODAR.
2361 3475 2482 3556 111,
2529 3481 2588 3556 4,
2645 3480 2735 3539 ιο.

989 3657 1193 3722 Verus
1237 3665 1619 3741 sanctusque
1663 3681 1842 3724 amor
1886 3660 2038 3744 quid
2082 3667 2249 3725 esset
2278 3679 2465 3724 nemo
2496 3660 2820 3743 pulchrius
2852 3660 3156 3743 explicuit

822 3778 1010 3842 quam
1068 3757 1322 3823 divinus
1377 3759 1561 3825 Plato
1619 3762 1746 3827 ΒΡ.
1805 3763 1923 3827 ΙΙΙ.
1986 3783 2047 3845 p.
2096 3767 2238 3826 403.
2293 3762 2394 3827 his
2452 3761 2666 3826 verbis
2723 3761 2933 3827 aureis
2992 3781 3156 3844 quae

822 3859 1297 3926 Commilitones
1340 3862 1557 3945 nostri,
1604 3864 1710 3946 qui
1739 3865 1936 3930 Musis
1979 3866 2019 3928 i.
2058 3884 2112 3929 e.
2156 3864 2383 3928 litteris
2427 3861 2615 3928 fidem
2660 3883 2840 3927 suam
2884 3884 3156 3948 spopon-

962 4098 996 4152 ¹)
1034 4097 1246 4162 Saepius
1281 4097 1373 4147 hac
1412 4099 1556 4147 tmesi
1594 4100 1759 4150 utitur
1790 4101 2038 4150 Hontius
2072 4104 2189 4166 post
2222 4101 2439 4164 primum
2474 4099 2789 4160 vocabulum,
2823 4103 2883 4149 nt
2918 4098 3080 4149 Carm.
3112 4100 3157 4155 Ι.

826 4185 873 4241 6,
899 4185 944 4234 3.
982 4183 1023 4243 Ι,
1051 4184 1096 4238 7.
1122 4183 1221 4243 25.,
1257 4181 1409 4231 semel
1445 4184 1595 4233 etiam
1630 4190 1748 4249 post
1783 4185 2056 4234 secundum
2092 4185 2134 4248 I,
2172 4186 2219 4242 9,
2262 4186 2336 4235 14.
2416 4185 2564 4243 Quem
2586 4187 2703 4250 fors
2741 4186 2923 4235 dierum
2962 4203 3156 4249 cumque

826 4269 977 4319 dabit.
1046 4266 1204 4315 Nemo
1251 4271 1418 4316 autem
1468 4268 1800 4332 reprehendet
1835 4269 1989 4324 Quale
2026 4269 2268 4330 lenimen,
2318 4270 2402 4333 qui
2439 4268 2724 4319 meminerit
2758 4269 2800 4333 I,
2839 4271 2921 4327 33,
2962 4272 3038 4321 13.
3088 4288 3158 4319 me

823 4352 1011 4412 melior,
1045 4352 1140 4413 111,
1178 4354 1225 4412 4,
1264 4353 1343 4405 68.
1380 4368 1522 4403 omne
1555 4354 1689 4404 nefas
1725 4358 1777 4403 et
1812 4368 1937 4403 saec.
1976 4369 2126 4404 carm.
2165 4355 2244 4404 71.
2280 4365 2419 4404 curet
2453 4365 2509 4405 et.
