3499 5219
1278 409 1847 473 —121—

396 588 701 650 semestre
744 582 1022 665 spatium
1058 587 1352 649 exactum
1390 582 1573 662 quasi
1601 582 1977 647 continuare
2005 581 2246 661 iubear,
2292 600 2423 645 non
2450 581 2740 662 ineptum

395 686 603 751 visum
647 692 747 751 est
788 684 998 749 simile
1034 681 1291 748 dicendi
1318 689 1763 766 argumentum
1793 684 2051 766 eligere,
2097 690 2168 748 ut
2211 684 2403 749 etiam
2447 699 2741 748 sermone

397 785 714 870 quaedam
757 786 1150 850 continuatio
1180 783 1315 851 fieri
1345 785 1655 852 videatur.
1715 786 1952 853 Verum
1994 784 2189 851 hodie
2229 806 2361 851 non
2405 784 2613 851 dicam
2658 781 2740 850 de

397 888 702 954 institutis
743 886 1128 972 academicis
1141 935 1157 968 ,
1205 906 1370 969 quae
1414 890 1598 971 quasi
1640 909 1870 972 corpus
1911 889 2392 954 universitatum
2434 886 2740 967 colligare

396 989 736 1056 videantur
749 1038 766 1071 ,
823 988 940 1056 sed
995 987 1079 1055 de
1129 1008 1199 1055 re
1255 990 1531 1072 quadam
1590 1010 1757 1073 quae
1811 990 1898 1056 ad
1939 992 2151 1075 ipsum
2195 1009 2412 1056 eorum
2454 989 2738 1053 animum

398 1093 705 1175 pertinet,
765 1090 849 1157 de
888 1111 1019 1156 una
1061 1111 1278 1156 earum
1322 1092 1802 1176 disciplinarum
1816 1140 1833 1174 ,
1892 1113 2058 1174 quae
2105 1094 2174 1158 in
2217 1089 2737 1157 universitatibus

392 1195 745 1259 litterarum
812 1200 1164 1259 tractantur
1233 1201 1297 1262 et
1366 1196 1623 1259 tractari
1696 1194 1962 1276 debent,
2054 1194 2136 1261 de
2222 1213 2303 1259 ea
2373 1191 2736 1274 disciplina,

396 1315 587 1378 quam
641 1295 785 1379 ipse
838 1294 1135 1377 profiteor
1188 1302 1252 1361 et
1308 1296 1409 1361 cui
1449 1297 1650 1362 vitam
1692 1317 1903 1362 meam
1947 1296 2186 1377 dicavi,
2246 1293 2486 1376 dicam,
2544 1290 2735 1375 quod,

396 1417 589 1480 quum
674 1397 1047 1480 Philologus
1128 1398 1456 1464 Prorector
1540 1406 1789 1465 creatus
1875 1400 1959 1465 sit
1978 1447 1994 1480 ,
2094 1398 2495 1482 aptissimum
2596 1413 2738 1460 esse

392 1498 716 1581 videatur,
793 1499 1003 1564 dicam
1071 1500 1263 1581 igitur
1333 1500 1414 1565 de
1466 1501 1849 1584 Philologia.
1902 1537 1990 1548 —-
2049 1501 2189 1566 Iam
2241 1498 2432 1565 video
2489 1497 2739 1579 aliquos

394 1599 692 1665 Vestrum
747 1601 1089 1683 supercilia
1144 1602 1515 1668 contrahere
1531 1651 1546 1680 ,
1618 1609 2008 1683 metuentes,
2081 1622 2164 1668 ne
2235 1601 2418 1668 lectis
2484 1598 2738 1681 quibus-

396 1703 547 1768 dam
601 1702 789 1768 huius
847 1701 1173 1768 doctrinae
1214 1704 1487 1786 spinulis
1528 1711 1836 1786 tanquam
1877 1705 2120 1771 aculeis
2160 1704 2410 1770 animos
2452 1719 2737 1785 pungam

396 1804 575 1886 suos,
648 1824 844 1886 neve,
920 1825 1084 1886 quae
1156 1804 1356 1887 digna
1397 1805 1520 1871 sibi
1575 1806 1918 1873 videantur
1972 1807 2198 1871 umbra
2250 1825 2392 1872 esse
2442 1804 2512 1868 in
2566 1803 2738 1867 hunc

397 1907 599 1973 solem
656 1913 848 1988 atque
905 1907 1236 1990 pulverem
1291 1927 1483 1972 coner
1537 1909 1930 1991 protrahere.
2024 1909 2108 1974 Hi
2162 1915 2377 1974 autem
2434 1926 2504 1973 se
2562 1922 2737 1986 egre-

395 2010 501 2092 gie
572 2027 819 2074 errasse
890 2009 1188 2073 sentient.
1290 2009 1437 2074 Non
1509 2010 1679 2075 enim
1753 2010 1961 2076 dicam
2034 2009 2116 2076 de
2173 2012 2282 2076 via
2351 2007 2428 2074 ac
2490 2007 2738 2072 ratione

398 2130 525 2193 qua
580 2110 780 2176 edisci
831 2109 1066 2176 debeat
1105 2111 1268 2176 haec
1312 2111 1682 2195 disciplina,
1742 2113 1859 2178 sed
1917 2113 2261 2180 defendam
2316 2109 2736 2195 philologiam

396 2220 618 2278 contra
659 2212 914 2294 ineptas
957 2213 1432 2279 criminationes
1474 2216 1896 2280 recentiorum
1947 2213 2344 2297 quorundam
2387 2211 2733 2290 hominum,

398 2315 507 2396 qui
571 2333 655 2378 ne
721 2313 942 2396 primis
1000 2314 1259 2396 quidem
1313 2316 1504 2381 labiis
1559 2316 1764 2382 bonas
1814 2324 1988 2383 artes
2042 2318 2408 2399 attigerunt.
2454 2307 2460 2310 ’
2509 2313 2736 2392 Quem-

396 2415 743 2480 admodum
802 2415 972 2481 enim
1028 2417 1285 2481 omnino
1343 2418 1647 2483 novanda
1701 2439 1844 2485 esse
1897 2425 2090 2501 atque
2144 2437 2403 2502 prorsus
2465 2434 2737 2480 commu-

397 2517 599 2582 tanda
626 2517 917 2582 instituta
946 2517 1447 2584 Universitatum
1486 2520 1786 2595 dixerunt
1812 2521 2016 2602 multi,
2062 2521 2172 2603 qui
2201 2519 2430 2585 ardore
2460 2515 2737 2598 quodam

396 2620 680 2700 liberali,
742 2626 811 2684 ut
866 2640 995 2684 non
1052 2622 1209 2686 satis
1264 2622 1464 2688 latine
1520 2622 1776 2705 dicunt,
1833 2622 2307 2688 inflammantur
2322 2669 2338 2702 ,
2396 2622 2488 2685 sic
2545 2620 2736 2684 etiam

394 2721 687 2804 inprimis
729 2721 1157 2805 Philologiam
1198 2742 1569 2805 graecarum
1611 2744 2142 2806 romanarumque
2198 2724 2549 2789 litterarum
2593 2741 2738 2786 con-

396 2830 683 2888 temnere
727 2842 869 2888 sese
910 2824 1261 2906 gloriantur
1305 2832 1386 2907 et,
1432 2828 1488 2893 si
1530 2826 1666 2893 fieri
1707 2828 1930 2911 possit,
1984 2825 2269 2891 funditus
2314 2844 2350 2889 e
2395 2824 2630 2889 scholis
2673 2829 2737 2888 et

396 2924 921 2990 universitatibus
964 2926 1317 2991 tollendam
1362 2947 1503 2995 esse
1547 2930 1897 2994 clamitant.
2000 2928 2256 2994 Scilicet
2305 2927 2492 2991 huius
2533 2925 2737 2990 falsae

395 3023 955 3113 ἐλευθεριότητος
997 3035 1288 3094 auctores
1331 3037 1479 3096 sunt
1522 3031 1725 3113 Galli,
1786 3050 1944 3113 quos
1989 3031 2405 3093 adolescentes
2445 3026 2737 3109 inprimis

393 3129 684 3212 germani
739 3135 803 3194 et
858 3148 937 3194 ex
991 3130 1348 3195 senioribus
1401 3131 1448 3195 ii
1502 3134 1610 3212 qui
1663 3134 1827 3198 nihil
1873 3132 2229 3197 didicerunt
2269 3131 2496 3194 mirum
2542 3147 2737 3209 quan-

394 3235 529 3294 tum
583 3229 927 3295 imitantur.
1029 3231 1153 3311 Qui
1209 3252 1247 3298 6
1303 3234 1577 3299 vinculis
1650 3234 2121 3299 dominationis.
2173 3233 2417 3298 fortiter
2475 3251 2551 3295 ac
2605 3249 2737 3294 non

396 3332 535 3397 sine
580 3330 774 3399 laude
817 3353 959 3399 sese
1003 3342 1390 3417 exemerunt,
1434 3336 1832 3419 spernendas
1876 3356 2038 3417 esse,
2076 3342 2154 3400 ut
2193 3335 2468 3415 vincula,
2516 3352 2736 3399 omnes

398 3439 463 3498 et
516 3433 749 3498 artium
806 3441 871 3500 et
924 3436 1279 3501 litterarum
1333 3439 1590 3519 regulas
1647 3439 1944 3521 exemplo
2000 3459 2113 3504 suo
2170 3437 2440 3521 probare
2483 3435 2736 3501 studue-

396 3542 574 3599 runt:
640 3556 754 3618 per
807 3536 1005 3602 inane
1062 3545 1330 3620 vagatur
1389 3558 1605 3605 eorum
1664 3541 1878 3623 poesis
1920 3533 1997 3606 'et
2051 3538 2479 3622 Harpyiarum
2535 3537 2737 3602 instar

396 3637 639 3701 ventris
685 3638 783 3702 sui
825 3640 998 3703 mala
1039 3639 1346 3723 profluvie
1390 3640 1593 3724 dapes
1634 3643 2038 3723 antiquorum
2082 3648 2412 3725 poetarum
2466 3657 2737 3704 comma-

398 3737 571 3804 culat
628 3739 1036 3823 sincerosque
1089 3761 1299 3807 mores
1352 3743 1516 3808 nihil
1571 3751 1778 3825 curat,
1857 3743 2006 3809 dum
2072 3764 2142 3808 se
2196 3741 2542 3808 admiretur
2597 3758 2737 3822 per-

394 3860 723 3907 versorum
766 3842 1094 3908 hominum
1136 3844 1491 3909 multitude.
1586 3844 1888 3908 Clam-ivos
1941 3845 2133 3911 audio
2189 3842 2550 3926 puniendos
2594 3859 2736 3907 esse

397 3943 591 4010 exilio
606 3991 622 4024 ,
697 3944 1059 4006 emittendos
1122 3964 1159 4010 6
1212 3944 1441 4011 finibus
1495 3953 1801 4029 tanquam
1859 3968 1973 4013 ver
2029 3966 2276 4012 sacrum
2334 3945 2734 4024 Sabinorum,

395 4044 893 4110 introducendos
977 4053 1191 4113 autem
1263 4048 1663 4111 Romantz‘cos
1738 4056 1803 4116 et
1876 4050 2117 4132 optima
2188 4045 2521 4113 donandos
2593 4060 2734 4108 esse

398 4146 674 4213 civitate.
778 4146 1035 4213 Scilicet
1102 4149 1338 4233 ineptis
1409 4151 1739 4217 vocabulis
1798 4151 2079 4217 inventis
2136 4170 2207 4217 se
2261 4149 2545 4232 tetigisse
2599 4163 2733 4209 rem

399 4248 759 4330 opinantur.
859 4249 1064 4318 Nemo
1119 4272 1400 4332 unquam
1470 4260 1756 4319 veterum
1830 4253 1911 4319 de
1983 4253 2255 4316 classica·
2325 4246 2734 4332 scriptoribus

402 4348 562 4418 dixit
649 4357 901 4434 praeter
984 4341 1062 4417 Α.
1141 4353 1418 4419 Gellium
1442 4402 1459 4437 ,
1565 4355 1985 4421 romanticum
2005 4404 2021 4437 ,
2132 4353 2508 4420 vocabulum
2590 4348 2736 4414 sine
