3499 5219
1287 468 1425 479 --—
1515 432 1633 495 125
1721 464 1855 473 -—

396 611 544 670 runt
596 604 872 670 Romani
923 610 991 668 ut
1050 603 1276 670 codem
1330 602 1467 669 iurc
1525 603 1727 684 civili,
1803 598 1976 686 quod
2027 601 2212 666 initia
2265 607 2330 667 et
2387 601 2741 669 laetissima

393 707 789 772 incrementa
856 704 1030 790 apud
1085 705 1412 771 Romanos
1485 704 1681 788 cepit,
1758 704 2122 770 etiamnunc
2193 709 2452 769 utantur
2519 704 2742 788 populi

393 815 701 891 tanquam
745 809 1005 891 optimc.

567 909 671 975 Ad
726 911 844 976 has
898 910 1088 993 igitur
1141 910 1408 976 virtutes
1460 915 1590 974 tam
1635 907 2024 974 Graecorum
2078 926 2267 991 quam
2309 908 2738 972 Romanorum

393 1010 876 1094 cognoscendas
950 1018 1013 1078 et
1070 1012 1242 1076 viam
1300 1011 1526 1078 sternit
1580 1009 1944 1093 Philologia
2001 1017 2066 1076 et
2122 1011 2395 1094 optimos
2451 1010 2736 1093 ingenio·

392 1115 805 1198 sissimosque
844 1113 990 1180 viae
1029 1119 1485 1179 monstratores
1527 1113 1606 1178 iis
1647 1112 1915 1196 praebet
1957 1112 2067 1196 qui
2109 1129 2492 1195 cognoscere
2527 1113 2731 1175 velint.

392 1215 677 1297 Linguas
721 1214 863 1280 dico
908 1215 1234 1298 utriusque
1276 1215 1500 1299 populi
1542 1215 1824 1296 antiqui,·
1855 1233 2022 1296 quac
2062 1214 2156 1279 ita
2197 1212 2456 1296 quidem
2501 1213 2739 1280 debent

391 1318 650 1382 tractari
703 1336 745 1381 a
801 1317 1146 1401 philologis
1204 1323 1274 1381 ut
1328 1315 1521 1382 modo
1578 1316 2002 1382 instrumenta
2056 1315 2399 1382 videantur
2461 1315 2548 1381 ad
2603 1315 2737 1381 adi-

390 1418 766 1503 piscendam
824 1420 1253 1502 cognitionem
1309 1419 1482 1485 vitae
1536 1424 1667 1483 tam
1722 1418 2111 1484 theoreticae
2168 1437 2359 1501 quam
2417 1419 2736 1502 practicae

390 1523 618 1586 horum
661 1521 1041 1604 populorum
1057 1569 1073 1602 ,
1122 1519 1312 1586 modo
1355 1520 1496 1604 ipsc
1538 1518 1682 1584 finis
1725 1520 1987 1602 aliquis,
2046 1521 2156 1604 qui
2199 1519 2612 1603 dignissimus
2654 1520 2738 1585 sit

390 1643 581 1706 quem
624 1642 871 1688 summo
915 1623 1124 1688 studio
1168 1629 1457 1706 appetas.
1545 1622 1759 1686 Tanta
1809 1622 1979 1687 enim
2035 1622 2106 1687 in
2160 1622 2384 1704 lingua
2438 1623 2582 1705 ipsa
2639 1629 2736 1688 est

387 1726 488 1790 vis
532 1725 784 1807 poetica
827 1730 890 1790 et
932 1724 1395 1808 philosophica,
1448 1730 1524 1788 ut'
1559 1724 1625 1788 in
1672 1723 2144 1789 conformandis
2185 1724 2515 1789 hominum
2558 1723 2735 1807 inge-

389 1827 534 1907 niis,
576 1826 870 1910 inprimis
910 1826 1319 1907 iuvenilibus,
1364 1826 1706 1909 plurimum
1748 1844 1940 1908 posse
1974 1824 2284 1893 videatur.
2358 1827 2568 1908 Atque
2609 1827 2732 1892 hoc

390 1948 774 2011 quamquam
829 1929 896 1992 in
953 1929 1320 1993 universum
1374 1927 1763 1994 contendere
1817 1927 1969 1993 licet
2015 1927 2096 1992 de
2140 1928 2431 1993 omnibus
2473 1928 2729 2011 linguis,

389 2030 679 2114 inprimis
722 2036 940 2095 tamen
980 2030 1157 2095 valet
1202 2029 1283 2096 de
1326 2049 1559 2113 graeca
1602 2035 1665 2095 et
1705 2028 1940 2111 latina,
1999 2049 2165 2112 quae
2213 2030 2296 2095 ab
2341 2031 2484 2113 ipsa
2526 2030 2731 2114 philo-

388 2133 618 2215 sophia
659 2139 725 2199 et
762 2132 942 2216 poesi
986 2130 1287 2197 videntur
1327 2133 1510 2213 quasi
1553 2137 1921 2214 procreatae
1965 2151 2126 2212 esse,
2178 2138 2248 2197 ut
2290 2132 2732 2216 philosophari

389 2255 571 2299 orare
642 2240 707 2301 et
778 2234 1024 2317 poetari
1095 2234 1162 2298 in
1220 2234 1299 2298 iis
1362 2234 1653 2298 homines
1714 2233 1982 2316 possint.
2081 2235 2176 2299 Ac
2231 2234 2285 2299 si
2341 2235 2482 2317 quis
2540 2234 2728 2315 dicat,

386 2337 548 2401 haec
606 2338 821 2402 omnia
876 2356 1008 2401 non
1064 2335 1225 2401 disci
1281 2337 1487 2401 solere
1543 2337 1714 2400 vitae
1772 2336 2101 2418 publicae,
2162 2334 2279 2402 sed
2334 2336 2597 2402 umbrae
2653 2352 2731 2402 ac

388 2438 667 2520 scholae,
711 2458 837 2505 nae
879 2439 992 2504 ille
1036 2437 1190 2520 quid
1231 2438 1300 2502 in
1343 2440 1540 2503 vitam
1584 2437 1914 2502 hominum
1947 2437 2176 2504 afferre
2204 2439 2408 2522 possit
2435 2445 2730 2504 accurata

385 2541 746 2623 linguarum
792 2540 1067 2624 cognitio
1112 2560 1370 2625 prorsus
1412 2559 1542 2604 non
1585 2539 1905 2605 recordari
1946 2539 2217 2604 videtur.
2311 2540 2485 2605 Sciat
2537 2541 2731 2624 igitur

385 2643 898 2708 reformationem
940 2643 1269 2725 religionis
1311 2643 1695 2708 christianae
1737 2642 2154 2709 fundamento
2205 2642 2413 2708 solido
2470 2645 2728 2709 omnino

385 2746 694 2826 caruisse,
751 2746 877 2810 nisi
931 2745 1273 2811 hebraicae
1327 2751 1391 2811 et
1439 2765 1710 2828 graecae
1753 2746 2114 2828 linguarum
2158 2744 2407 2811 erudita
2448 2747 2726 2828 cognitio

387 2866 640 2911 omnem
684 2835 1149 2912 emendationis
1193 2847 1525 2912 materiam
1553 2846 1967 2930 praebuisset.
2040 2846 2216 2912 Haec
2246 2847 2415 2913 enim
2446 2848 2725 2913 animum

382 2948 533 3014 fecit
574 2948 916 3012 immortali
958 2948 1238 3014 Luthero
1256 2997 1272 3029 ,
1330 2955 1400 3014 ut
1441 2949 1925 3032 pronunciaret:
1980 2948 2116 3013 Das
2157 2948 2338 3014 Wort
2381 2949 2475 3015 sie
2517 2949 2724 3015 sollen

383 3051 601 3115 lassen
646 3050 867 3116 stahn!
955 3050 1134 3116 Haec
1175 3069 1358 3116 mens
1400 3050 1518 3115 fuit
1558 3049 1929 3131 Reuchlini,
1987 3068 2177 3131 quam
2219 3050 2287 3114 in
2332 3051 2726 3133 praefatione

381 3153 834 3235 grammaticae
876 3152 1233 3234 hebraicae,
1280 3172 1321 3217 a
1350 3172 1420 3218 se
1451 3153 1652 3236 primo
1683 3151 2091 3234 compositae,
2141 3149 2408 3217 diceret:
2453 3172 2523 3218 se
2566 3173 2725 3237 opus

382 3255 708 3338 peregisse
766 3273 915 3321 aere
970 3255 1345 3338 perennius3
1409 3254 1570 3319 haec
1626 3254 1946 3319 sententia
1998 3260 2135 3318 erat
2190 3254 2440 3319 Erasmi
2454 3301 2471 3335 ,
2531 3274 2723 3337 quum

382 3354 621 3421 diceret
664 3376 793 3420 non
836 3377 1026 3439 posse
1069 3355 1155 3420 ad
1198 3375 1416 3422 veram
1457 3356 1919 3421 humanitatem
1970 3356 2305 3439 pervenire
2363 3375 2722 3439 quenquam

380 3458 508 3523 nisi
560 3459 829 3540 cognitis
887 3457 1273 3523 Graecorum
1332 3464 1394 3523 et
1449 3459 1879 3523 Romanorum
1937 3457 2187 3541 scriptis
2244 3459 2544 3541 egregiis,
2619 3460 2724 3525 hic

382 3550 517 3624 erat
560 3560 809 3623 animus
852 3558 1135 3643 Philippi
1179 3559 1725 3640 Melanchthonis,
1786 3579 1975 3642 quem
2032 3560 2100 3624 in
2143 3559 2460 3626 breviario
2475 3609 2491 3641 ,
2552 3561 2724 3643 quod

384 3661 464 3725 de
536 3660 949 3743 grammatica
1018 3680 1251 3743 graeca
1307 3661 1559 3743 scripsit
1613 3661 1932 3744 theologis
1988 3661 2085 3726 sui
2142 3662 2287 3727 aevi
2341 3663 2720 3746 iniungeret,

380 3762 630 3827 nollent
699 3781 854 3845 prae
926 3762 1281 3846 disciplinis
1351 3762 1727 3845 theologicis
1799 3781 2068 3845 graecae
2124 3763 2385 3846 linguae
2442 3765 2721 3832 studium

380 3864 709 3946 negligere
724 3912 740 3945 ,
814 3882 898 3929 ne
954 3863 1323 3931 viderentur
1376 3865 1583 3947 magis
1641 3864 2017 3930 credulitate
2074 3865 2250 3947 capi,
2326 3885 2515 3948 quam
2574 3866 2719 3932 duci

379 3966 644 4031 ratione.
745 3965 839 4030 Ac
895 3985 979 4032 ne
1036 3967 1177 4048 quis
1235 3972 1414 4051 putet
1456 3963 1631 4032 'haec
1688 3966 1903 4031 omnia
1967 3966 2172 4048 magis
2245 3968 2564 4050 pertinere
2633 3970 2718 4033 ad

379 4067 711 4149 theologos
754 4086 946 4149 quam
989 4067 1076 4132 ad
1118 4068 1513 4152 philologos,
1571 4088 1767 4132 unum
1824 4073 2144 4150 postremo
2201 4071 2565 4153 exemplum
2608 4071 2718 4135 ad-

382 4168 528 4234 dam
574 4189 656 4235 ex
699 4187 774 4234 eo
817 4169 959 4252 ipso
1000 4176 1287 4253 tempore
1330 4171 1617 4255 petitum,
1664 4188 1789 4252 quo
1831 4169 1899 4233 in
1943 4169 2137 4235 Italia
2176 4176 2438 4236 renatae
2466 4172 2715 4239 litterae

380 4278 526 4336 sunt
568 4271 1042 4352 laetissimeque
1084 4272 1374 4356 inprimis
1429 4271 1773 4337 floruerunt
1829 4276 1999 4337 artes
2056 4270 2480 4344 humanitatis,
2543 4280 2719 4339 ante·

381 4393 569 4454 quam
629 4371 981 4437 Concilium
1038 4372 1484 4440 Tridentinum
1556 4380 1741 4457 turpe
1809 4373 2275 4456 superstitionis
2330 4375 2546 4455 iugum
2603 4376 2718 4439 im·
