3499 5219
1590 426 1800 471 ,·--
1893 392 1970 461 12
2055 435 2190 443 —-—

756 578 1036 644 Luthero
1092 596 1246 661 prae
1303 575 1448 640 aliis
1505 582 1722 657 gratus
1780 580 1945 653 erat,
2022 571 2159 653 qui,
2235 577 2304 634 ut
2357 570 2814 636 Melanchthon
2862 571 3099 653 scribit,

756 700 963 747 venae
1006 680 1398 761 Stigelianae
1441 675 1827 759 elegantiam
1871 672 2235 757 adamabat,
2286 674 2490 759 magis
2535 682 2750 739 tamen
2791 673 2917 756 ipsi
2957 674 3106 737 Phi-

756 784 935 866 lippo
949 832 965 865 ,
1040 783 1149 864 qui
1191 781 1518 863 ingenium·
1562 774 1815 860 Stigelii
1857 777 2119 845 maximi
2162 776 2341 858 fecit,
2417 783 2486 840 ut
2525 777 2769 844 multae
2816 775 2902 840 ad
2957 796 3100 841 eum

759 886 1071 968 epistolae
1125 889 1441 949 testantur
1491 882 1560 946 in
1617 899 1879 963 corpore
1923 880 2447 945 Reformatorum.
2537 878 2852 960 Georgius
2910 879 3133 943 etiam.

758 987 1034 1052 Sabinus
1107 986 1485 1064 (Schulerus
1500 986 1553 1062 ),
1642 989 1869 1066 postea
1938 1000 2137 1064 gener
2201 979 2713 1045 Melanchthonis
2728 1028 2745 1061 ,
2834 979 3104 1045 eximius

759 1097 981 1172 poeta,
1058 1088 1166 1170 qui
1234 1087 1302 1150 in
1373 1086 1642 1151 aedibus
1699 1082 2325 1150 Melanchthonianis
2382 1080 2772 1147 educabatur
2826 1083 3105 1166 itemque

758 1212 902 1256 cum
972 1189 1237 1272 Stigelio
1309 1184 1705 1254 institutione
1777 1187 2028 1269 privata
2083 1185 2391 1249 Burcardi
2460 1184 2783 1267 utebatur,
2867 1186 3107 1267 insigni

758 1313 976 1358 amore
1063 1291 1400 1374 Stigelium
1486 1291 1823 1372 amplexus
1908 1295 2039 1371 est,
2139 1295 2386 1371 septem
2471 1308 2675 1353 annos
2759 1289 3106 1371 iuniorem3

758 1395 1173 1477 similiterque
1226 1394 1446 1476 paullo
1501 1398 1647 1475 post
1690 1391 1935 1474 Caspar
1988 1390 2334 1455 Bruschius
2376 1390 2699 1455 Bohemus
2717 1437 2734 1472 ,
2807 1391 2917 1471 qui
2972 1396 3135 1454 tum⁴

759 1497 1144 1579 Vitebergae
1191 1494 1467 1577 degebat
1510 1492 1684 1576 apud
1729 1493 2066 1558 Carionem
2082 1541 2098 1573 ,
2156 1492 2343 1557 annis
2386 1491 2519 1557 fere
2574 1491 2860 1573 aequalis
2905 1492 3107 1574 Stige-

758 1600 866 1678 lio,
913 1599 984 1663 P.
1029 1598 1358 1679 EberuS,¹)
1401 1597 1467 1664 S.
1512 1595 1836 1676 Lemnius,
1882 1595 1951 1658 P.
1984 1595 2309 1659 Lotichius
2337 1594 2464 1671 11²)
2509 1594 2639 1658 alii.
2704 1593 3105 1676 Vitebergae,

704 1710 709 1715 ’
760 1701 869 1764 ubi
912 1699 1254 1781 inscriptus
1299 1703 1395 1762 est
1435 1698 1507 1763 in
1548 1698 1698 1762 albo
1731 1697 2182 1761 Vniversitatis
2227 1696 2286 1761 d.
2318 1695 2445 1760 XV
2474 1694 2609 1759 Oct.
2640 1695 3108 1777 MDXXXII,³)

760 1803 842 1867 ab
888 1802 1069 1866 initio
1113 1800 1649 1883 iurisprudentiae
1705 1820 1967 1882 operam
2026 1797 2204 1864 dedit
2245 1798 2576 1881 Stigelius,
2634 1798 2737 1862 Fr.
2785 1798 3108 1862 Burcardo

760 1902 1089 1984 suadente,
1138 1903 1223 1966 ad
1266 1921 1473 1984 quern,
1519 1904 1854 1967 Rectorem
1899 1901 2346 1967 Vniversitatis
2379 1901 2827 1980 MDXXXIII,
2873 1900 3111 1982 scripta
3157 1962 3168 1973 Ι

762 2012 860 2070 est
904 2005 1140 2086 elegia,
1159 2006 1204 2080 ⁴)
1277 2023 1428 2067 mox
1471 2010 1686 2068 tamen
1728 2003 2271 2084 Melanchthonis,
2345 2003 2446 2067 cui
2486 2003 2673 2066 unice
2716 2020 2786 2066 se
2844 2000 3107 2083 dedidit,

763 2107 1125 2189 exemplum
1141 2107 1184 2181 ⁵)
1230 2111 1499 2186 secutuS,
1546 2104 1631 2168 ad
1664 2103 2055 2186 medicinae,
2074 2105 2374 2189 physices
2412 2110 2475 2169 et
2509 2104 2935 2168 astronomiae
2967 2102 3112 2168 doc-

760 2209 993 2273 trinam
1037 2208 1249 2272 studia
1284 2227 1401 2272 sua
1429 2208 1760 2288 convertit,
1806 2208 2068 2272 minime
2096 2214 2312 2272 tamen
2340 2207 2649 2291 neglectis
2681 2204 2910 2271 studiis
2936 2206 3112 2271 theo-

762 2311 972 2393 logiae
1007 2318 1073 2375 et
1099 2309 1389 2392 inprimis
1416 2309 1849 2391 humanitatis,
1881 2309 1968 2375 ad
1994 2329 2158 2391 quae
2181 2317 2407 2391 postea
2430 2315 2633 2374 totum
2671 2329 2740 2373 se
2767 2302 3111 2374 revocavit.

934 2412 1124 2479 Anno
1167 2411 1557 2476 MDXXXV
1614 2411 2095 2494 Vitebergensis
2151 2410 2486 2476 academia
2532 2410 2762 2476 iterum
2815 2410 3112 2493 migravit

763 2516 1016 2597 Ienam,
1033 2513 1080 2590 ⁶)
1138 2533 1260 2594 quo
1313 2513 1443 2578 iam
1486 2533 1659 2577 anno
1700 2513 2092 2578 MDXXVII
2134 2513 2418 2595 profecta
2459 2520 2597 2577 erat
2640 2519 2900 2596 propter
2939 2514 3112 2577 luem

762 2618 1342 2699 ingravescentem,
1401 2636 1567 2698 quae
1608 2616 1902 2698 regiones
1947 2616 2247 2681 Albiacas
2288 2615 2719 2681 infestaverat.
2809 2613 3114 2698 Stigelius

766 2740 906 2784 cum
961 2719 1204 2801 aliquot
1262 2717 1623 2783 doctoribus
1669 2718 2234 2800 Vitebergensibus
2252 2766 2269 2800 ,
2343 2718 2633 2801 inprimis
2675 2719 2746 2781 P.
2791 2717 3113 2782 Melanch-

764 2822 980 2903 thone,
1010 2827 1144 2885 tum
1169 2821 1443 2903 primum
1467 2822 1645 2886 venit
1669 2822 1894 2886 Ienam
1918 2819 2296 2888 adolescens
2316 2819 2545 2901 viginti
2564 2840 2875 2904 annorum
2898 2820 3115 2902 ibique
3235 2883 3241 2891 ,

766 2932 895 2988 tam
926 2922 1182 3005 egregie
1212 2923 1335 2988 sibi
1362 2924 1622 3006 placuit,
1670 2930 1756 3004 ut,
1802 2943 1994 3005 quum
2024 2929 2332 3004 sequente
2364 2942 2534 2987 anno
2564 2923 2804 2988 mensis
2829 2922 3017 2986 Febr.
3052 2919 3111 2985 d.

768 3025 892 3089 VII
914 3024 1067 3090 inde
1091 3023 1530 3089 decedendum
1555 3032 1739 3107 esset,
1766 3025 2040 3107 elegiam
2063 3024 2384 3106 scriberet,
2408 3044 2571 3106 quae
2591 3024 2685 3088 ita
2702 3023 3034 3089 inchoatur
3051 3023 3113 3101 2⁷)

1068 3129 1230 3205 Ergo
1275 3129 1464 3188 solum
1506 3130 1805 3206 placidum
1848 3129 2172 3205 dulcesque
2216 3128 2556 3204 relinquere
2601 3127 2771 3187 sedes

1154 3214 1363 3273 Invida
1405 3232 1512 3273 nos
1555 3215 1726 3292 ratiO,
1773 3233 1926 3289 quae
1970 3214 2141 3274 modo
2188 3216 2380 3291 cogat,
2426 3211 2581 3272 erit?

1069 3299 1319 3358 Pallor?
1365 3318 1440 3357 an
1484 3299 1620 3358 hinc
1661 3300 1875 3358 iterum
1918 3298 2060 3358 dare
2102 3300 2239 3359 vela
2280 3299 2630 3359 vocantibus
2671 3296 2831 3357 auris

1159 3383 1457 3463 Cogimur,
1501 3385 1682 3459 inque
1728 3384 1876 3443 alias
1922 3388 2115 3444 castra
2156 3403 2394 3443 movere
2438 3383 2695 3460 plagas?

1073 3468 1187 3527 Hei
1230 3469 1391 3546 mihi,
1436 3488 1544 3528 cur
1587 3469 1812 3545 aliquid
1856 3488 1963 3528 nos
2007 3469 2245 3528 sedibus
2289 3473 2454 3528 arcet
2496 3469 2572 3529 ab
2599 3467 2761 3544 istm,

1159 3555 1228 3612 In
1274 3554 1488 3630 quibus
1530 3558 1836 3614 aeternum
1878 3554 2080 3613 vivere
2124 3555 2297 3614 dulce
2342 3553 2541 3613 foret?

939 3673 1136 3738 Ienae
1182 3669 1331 3735 dum
1375 3671 1535 3771 vivit
1575 3672 1675 3737 bis
1719 3670 2038 3756 profectus
2084 3677 2182 3736 est
2223 3670 2611 3751 Erfordiam,
2674 3674 2742 3732 ut
2784 3667 2863 3732 H.
2909 3668 3115 3732 Eoba-

771 3794 924 3840 num
967 3774 1240 3841 Hessum
1285 3781 1726 3857 cognosceret,
1803 3773 1978 3839 cuius
2021 3780 2155 3838 tum
2196 3772 2364 3838 inter
2418 3778 2643 3855 poetas
2699 3769 3116 3834 clarissimum

907 3944 943 4008 ¹)
980 3943 1037 3995 Τ.
1072 3945 1140 3995 II.
1178 3945 1212 3993 f.
1260 3947 1351 3996 178
1370 3961 1415 3993 v.
1449 3966 1452 3969 ⁴
1556 3944 1596 4004 2)
1631 3944 1803 3993 Huius
1839 3948 1915 3992 est
1951 3942 2330 4007 elegantissima
2363 3940 2526 4004 elegia
2557 3939 2626 4001 II,
2667 3942 2744 3991 10.
2783 3939 2847 3988 ad
2883 3938 2989 3987 Ioh.
3011 3937 3115 3987 Sti-

771 4028 962 4093 gelium
998 4045 1058 4079 ex
1093 4030 1262 4080 Gallia
1297 4030 1466 4080 missa.
1605 4028 1643 4093 ³)
1681 4027 1800 4081 mc.
1823 4029 1883 4077 E.
1906 4028 2318 4078 Foerstemanni:
2360 4025 2540 4077 Album
2563 4025 2703 4075 acad.
2725 4022 2893 4074 Viteb.
2923 4039 2974 4088 p.
3001 4025 3116 4074 143.

771 4114 813 4174 ⁴)
850 4112 907 4162 T.
948 4114 1017 4164 H.
1055 4114 1089 4164 f.
1133 4117 1244 4167 191.
1382 4114 1420 4178 ⁵)
1459 4131 1504 4166 v,
1560 4114 1769 4165 Ranke:
1824 4113 2077 4163 Deutsche
2126 4113 2304 4162 Gesch.
2355 4112 2427 4161 im
2460 4111 2704 4162 Zeitalter
2750 4110 2797 4159 d.
2836 4107 2948 4157 Ref.
2985 4107 3024 4156 Ῑ.
3063 4123 3113 4171 p.

773 4200 873 4251 392
909 4216 981 4264 sq.
1123 4200 1163 4265 ὃ)
1201 4199 1554 4249 Studiosorum
1588 4199 1799 4248 nomina
1832 4199 1984 4247 Ienae
2018 4202 2127 4247 tum
2161 4196 2523 4262 inscriptorum
2557 4194 2709 4247 habet
2730 4192 3118 4243 Foerstemanni

773 4282 944 4333 album
978 4283 1146 4334 Viteb.
1184 4299 1234 4348 p.
1277 4285 1389 4335 158.
1461 4282 1598 4332 Guil.
1634 4282 1877 4332 Ballhorn
1927 4282 1987 4331 de
2022 4282 2152 4332 Jena
2197 4281 2484 4331 litterarum
2530 4280 2645 4331 sede
2696 4283 2813 4329 ante
2862 4276 3116 4327 conditam

770 4368 849 4419 ibi
883 4368 1203 4419 academiam.
1240 4368 1395 4419 Jenae
1435 4370 1579 4421 1753.
1616 4371 1664 4420 4.
1778 4367 1814 4428 ⁷)
1852 4366 1907 4417 Τ.
1945 4365 2011 4415 ΙΙ.
2049 4365 2084 4416 f.
2121 4365 2220 4416 228
2257 4381 2303 4414 v.
