<?xml version="1.0" encoding="UTF-8"?>
<!DOCTYPE html PUBLIC "-//W3C//DTD XHTML 1.0 Transitional//EN"
    "http://www.w3.org/TR/xhtml1/DTD/xhtml1-transitional.dtd">
<html xmlns="http://www.w3.org/1999/xhtml" xml:lang="en" lang="en">
 <head>
  <title>
</title>
<meta http-equiv="Content-Type" content="text/html;charset=utf-8" />
  <meta name='ocr-system' content='tesseract 3.04.00' />
  <meta name='ocr-capabilities' content='ocr_page ocr_carea ocr_par ocr_line ocrx_word'/>
</head>
<body>
  <div class='ocr_page' id='page_1' title='image "./opusculaacademi00goetgoog_0350.png"; bbox 0 0 3499 5219; ppageno 0'>
   <div class='ocr_carea' id='block_1_1' title="bbox 1573 382 1917 445">
    <p class='ocr_par' dir='ltr' id='par_1_1' title="bbox 1573 382 2134 445">
     <span class='ocr_line' id='line_1_1' title="bbox 1573 382 1917 445; baseline 0 -1"><span class='ocrx_word' id='word_1_1' title='bbox 1573 416 1702 423; x_wconf 85' lang='lat'>—-</span> <span class='ocrx_word' id='word_1_2' title='bbox 1794 382 1917 445; x_wconf 83' lang='lat'>328</span> 
     </span>
    </p>
   </div>
   <div class='ocr_carea' id='block_1_2' title="bbox 677 547 3057 3582">
    <p class='ocr_par' dir='ltr' id='par_1_2' title="bbox 677 547 3047 2161">
     <span class='ocr_line' id='line_1_2' title="bbox 677 547 3041 629; baseline -0.003 -9"><span class='ocrx_word' id='word_1_3' title='bbox 677 552 1129 620; x_wconf 88' lang='lat' dir='ltr'>structionibus</span> <span class='ocrx_word' id='word_1_4' title='bbox 1159 550 1575 615; x_wconf 88' lang='lat' dir='ltr'>Themistocli</span> <span class='ocrx_word' id='word_1_5' title='bbox 1618 550 1881 629; x_wconf 89' lang='lat' dir='ltr'>auctori,</span> <span class='ocrx_word' id='word_1_6' title='bbox 1929 547 2243 613; x_wconf 86' lang='lat' dir='ltr'>Clistheni</span> <span class='ocrx_word' id='word_1_7' title='bbox 2286 568 2439 613; x_wconf 86' lang='lat' dir='ltr'>vero</span> <span class='ocrx_word' id='word_1_8' title='bbox 2484 568 2563 613; x_wconf 88' lang='lat' dir='ltr'>ea</span> <span class='ocrx_word' id='word_1_9' title='bbox 2604 548 2822 612; x_wconf 89' lang='lat' dir='ltr'>omnia</span> <span class='ocrx_word' id='word_1_10' title='bbox 2866 559 3041 629; x_wconf 82' lang='lat' dir='ltr'>quae</span> 
     </span>
     <span class='ocr_line' id='line_1_3' title="bbox 681 651 3037 739; baseline -0.003 -18"><span class='ocrx_word' id='word_1_11' title='bbox 681 675 874 739; x_wconf 90' lang='lat' dir='ltr'>super</span> <span class='ocrx_word' id='word_1_12' title='bbox 916 654 1078 718; x_wconf 89' lang='lat' dir='ltr'>haec</span> <span class='ocrx_word' id='word_1_13' title='bbox 1122 661 1306 735; x_wconf 88' lang='lat' dir='ltr'>septa</span> <span class='ocrx_word' id='word_1_14' title='bbox 1350 653 1634 717; x_wconf 77' lang='lat' dir='ltr'><strong>eminent</strong></span> <span class='ocrx_word' id='word_1_15' title='bbox 1678 658 1742 717; x_wconf 92' lang='lat' dir='ltr'>et</span> <span class='ocrx_word' id='word_1_16' title='bbox 1786 670 1949 733; x_wconf 85' lang='lat' dir='ltr'>quae</span> <span class='ocrx_word' id='word_1_17' title='bbox 1991 651 2356 733; x_wconf 84' lang='lat' dir='ltr'>antiquiora</span> <span class='ocrx_word' id='word_1_18' title='bbox 2388 658 2571 733; x_wconf 89' lang='lat' dir='ltr'>septa</span> <span class='ocrx_word' id='word_1_19' title='bbox 2599 651 2796 715; x_wconf 88' lang='lat' dir='ltr'>fuisse</span> <span class='ocrx_word' id='word_1_20' title='bbox 2825 655 3037 733; x_wconf 76' lang='lat' dir='ltr'>putat,</span> 
     </span>
     <span class='ocr_line' id='line_1_4' title="bbox 683 753 3035 838; baseline -0.002 -16"><span class='ocrx_word' id='word_1_21' title='bbox 683 756 991 823; x_wconf 84' lang='lat' dir='ltr'>derelicta</span> <span class='ocrx_word' id='word_1_22' title='bbox 1032 764 1291 838; x_wconf 90' lang='lat' dir='ltr'>propter</span> <span class='ocrx_word' id='word_1_23' title='bbox 1333 753 1797 838; x_wconf 87' lang='lat' dir='ltr'>impedimenta</span> <span class='ocrx_word' id='word_1_24' title='bbox 1839 753 2375 818; x_wconf 78' lang='lat' dir='ltr'>munimentorum</span> <span class='ocrx_word' id='word_1_25' title='bbox 2419 754 2610 834; x_wconf 87' lang='lat' dir='ltr'>urbis,</span> <span class='ocrx_word' id='word_1_26' title='bbox 2658 773 2825 836; x_wconf 86' lang='lat' dir='ltr'>quae</span> <span class='ocrx_word' id='word_1_27' title='bbox 2867 754 3035 818; x_wconf 85' lang='lat' dir='ltr'>The-</span> 
     </span>
     <span class='ocr_line' id='line_1_5' title="bbox 682 854 3037 937; baseline -0.002 -13"><span class='ocrx_word' id='word_1_28' title='bbox 682 858 1004 924; x_wconf 86' lang='lat' dir='ltr'>mistocles</span> <span class='ocrx_word' id='word_1_29' title='bbox 1047 855 1476 921; x_wconf 89' lang='lat' dir='ltr'>construenda</span> <span class='ocrx_word' id='word_1_30' title='bbox 1519 861 1872 920; x_wconf 75' lang='lat' dir='ltr'>curaverat.</span> <span class='ocrx_word' id='word_1_31' title='bbox 1960 855 2077 919; x_wconf 90' lang='lat' dir='ltr'>His</span> <span class='ocrx_word' id='word_1_32' title='bbox 2120 854 2332 920; x_wconf 84' lang='lat' dir='ltr'>addit:</span> <span class='ocrx_word' id='word_1_33' title='bbox 2392 856 2617 936; x_wconf 85' lang='lat' dir='ltr'>„Dans</span> <span class='ocrx_word' id='word_1_34' title='bbox 2670 857 2767 920; x_wconf 90' lang='lat' dir='ltr'>les</span> <span class='ocrx_word' id='word_1_35' title='bbox 2824 862 3037 937; x_wconf 80' lang='lat' dir='ltr'>temps</span> 
     </span>
     <span class='ocr_line' id='line_1_6' title="bbox 683 956 3035 1046; baseline -0.002 -20"><span class='ocrx_word' id='word_1_36' title='bbox 683 960 1099 1046; x_wconf 77' lang='lat' dir='ltr'>posterieurs‚</span> <span class='ocrx_word' id='word_1_37' title='bbox 1158 963 1403 1040; x_wconf 76' lang='lat' dir='ltr'>voyant</span> <span class='ocrx_word' id='word_1_38' title='bbox 1459 964 1624 1022; x_wconf 89' lang='lat' dir='ltr'>cette</span> <span class='ocrx_word' id='word_1_39' title='bbox 1681 956 1916 1022; x_wconf 90' lang='lat' dir='ltr'>double</span> <span class='ocrx_word' id='word_1_40' title='bbox 1971 957 2254 1038; x_wconf 88' lang='lat' dir='ltr'>tribune,</span> <span class='ocrx_word' id='word_1_41' title='bbox 2317 965 2381 1022; x_wconf 90' lang='lat' dir='ltr'>et</span> <span class='ocrx_word' id='word_1_42' title='bbox 2433 959 2501 1022; x_wconf 89' lang='lat' dir='ltr'>la</span> <span class='ocrx_word' id='word_1_43' title='bbox 2551 957 2898 1022; x_wconf 81' lang='lat' dir='ltr'>difference</span> <span class='ocrx_word' id='word_1_44' title='bbox 2951 957 3035 1021; x_wconf 90' lang='lat' dir='ltr'>de</span> 
     </span>
     <span class='ocr_line' id='line_1_7' title="bbox 685 1059 3036 1147; baseline -0.003 -20"><span class='ocrx_word' id='word_1_45' title='bbox 685 1063 965 1147; x_wconf 81' lang='lat' dir='ltr'>position</span> <span class='ocrx_word' id='word_1_46' title='bbox 1021 1061 1128 1142; x_wconf 91' lang='lat' dir='ltr'>qui</span> <span class='ocrx_word' id='word_1_47' title='bbox 1177 1060 1435 1125; x_wconf 84' lang='lat' dir='ltr'>existait</span> <span class='ocrx_word' id='word_1_48' title='bbox 1478 1066 1658 1125; x_wconf 89' lang='lat' dir='ltr'>entre</span> <span class='ocrx_word' id='word_1_49' title='bbox 1699 1060 1798 1125; x_wconf 90' lang='lat' dir='ltr'>les</span> <span class='ocrx_word' id='word_1_50' title='bbox 1844 1059 2013 1123; x_wconf 80' lang='lat' dir='ltr'>deux</span> <span class='ocrx_word' id='word_1_51' title='bbox 2031 1107 2046 1139; x_wconf 88' lang='lat'><strong><em>,</em></strong></span> <span class='ocrx_word' id='word_1_52' title='bbox 2106 1080 2260 1124; x_wconf 88' lang='lat' dir='ltr'>sans</span> <span class='ocrx_word' id='word_1_53' title='bbox 2315 1060 2584 1142; x_wconf 84' lang='lat' dir='ltr'>pouvoir</span> <span class='ocrx_word' id='word_1_54' title='bbox 2641 1061 2775 1124; x_wconf 89' lang='lat' dir='ltr'>s’en</span> <span class='ocrx_word' id='word_1_55' title='bbox 2831 1059 3036 1142; x_wconf 81' lang='lat' dir='ltr'>expli-</span> 
     </span>
     <span class='ocr_line' id='line_1_8' title="bbox 688 1160 3036 1248; baseline -0.003 -18"><span class='ocrx_word' id='word_1_56' title='bbox 688 1185 843 1248; x_wconf 91' lang='lat' dir='ltr'>quer</span> <span class='ocrx_word' id='word_1_57' title='bbox 897 1166 964 1228; x_wconf 89' lang='lat' dir='ltr'>la</span> <span class='ocrx_word' id='word_1_58' title='bbox 1018 1163 1262 1244; x_wconf 84' lang='lat' dir='ltr'>raison,</span> <span class='ocrx_word' id='word_1_59' title='bbox 1335 1162 1609 1243; x_wconf 77' lang='lat' dir='ltr'>quelque</span> <span class='ocrx_word' id='word_1_60' title='bbox 1679 1160 1787 1225; x_wconf 91' lang='lat' dir='ltr'>bel</span> <span class='ocrx_word' id='word_1_61' title='bbox 1856 1161 2054 1244; x_wconf 91' lang='lat' dir='ltr'>esprit</span> <span class='ocrx_word' id='word_1_62' title='bbox 2126 1161 2214 1225; x_wconf 86' lang='lat' dir='ltr'>du</span> <span class='ocrx_word' id='word_1_63' title='bbox 2283 1168 2492 1244; x_wconf 89' lang='lat' dir='ltr'>temps</span> <span class='ocrx_word' id='word_1_64' title='bbox 2555 1183 2713 1226; x_wconf 89' lang='lat' dir='ltr'>aura</span> <span class='ocrx_word' id='word_1_65' title='bbox 2768 1161 3036 1225; x_wconf 79' lang='lat' dir='ltr'>invente</span> 
     </span>
     <span class='ocr_line' id='line_1_9' title="bbox 682 1262 3037 1347; baseline -0.003 -16"><span class='ocrx_word' id='word_1_66' title='bbox 682 1265 1041 1332; x_wconf 92' lang='lat' dir='ltr'>l’anecdote</span> <span class='ocrx_word' id='word_1_67' title='bbox 1103 1264 1216 1330; x_wconf 87' lang='lat' dir='ltr'>des</span> <span class='ocrx_word' id='word_1_68' title='bbox 1272 1271 1479 1328; x_wconf 87' lang='lat' dir='ltr'>trente</span> <span class='ocrx_word' id='word_1_69' title='bbox 1537 1269 1790 1347; x_wconf 52' lang='lat' dir='ltr'>tvans,</span> <span class='ocrx_word' id='word_1_70' title='bbox 1843 1263 2196 1344; x_wconf 85' lang='lat' dir='ltr'>justement</span> <span class='ocrx_word' id='word_1_71' title='bbox 2242 1264 2467 1328; x_wconf 81' lang='lat' dir='ltr'>traitee</span> <span class='ocrx_word' id='word_1_72' title='bbox 2514 1262 2855 1328; x_wconf 86' lang='lat' dir='ltr'>d&#39;absurde</span> <span class='ocrx_word' id='word_1_73' title='bbox 2912 1283 3037 1345; x_wconf 90' lang='lat' dir='ltr'>par</span> 
     </span>
     <span class='ocr_line' id='line_1_10' title="bbox 684 1365 3041 1447; baseline -0.003 -13"><span class='ocrx_word' id='word_1_74' title='bbox 684 1371 800 1434; x_wconf 64' lang='grc' dir='ltr'>ΜΓ.</span> <span class='ocrx_word' id='word_1_75' title='bbox 861 1366 1387 1447; x_wconf 81' lang='lat' dir='ltr'>Forchhammer,</span> <span class='ocrx_word' id='word_1_76' title='bbox 1465 1371 1527 1429; x_wconf 88' lang='lat' dir='ltr'>et</span> <span class='ocrx_word' id='word_1_77' title='bbox 1582 1366 1644 1430; x_wconf 98' lang='grc'>16</span> <span class='ocrx_word' id='word_1_78' title='bbox 1699 1365 1965 1447; x_wconf 87' lang='lat' dir='ltr'>peuple‚</span> <span class='ocrx_word' id='word_1_79' title='bbox 2041 1385 2126 1429; x_wconf 91' lang='lat' dir='ltr'>au</span> <span class='ocrx_word' id='word_1_80' title='bbox 2182 1366 2388 1429; x_wconf 90' lang='lat' dir='ltr'>moins</span> <span class='ocrx_word' id='word_1_81' title='bbox 2442 1366 2819 1446; x_wconf 84' lang='lat' dir='ltr'>Plutarque‚</span> <span class='ocrx_word' id='word_1_82' title='bbox 2879 1385 3041 1428; x_wconf 88' lang='lat' dir='ltr'>aura</span> 
     </span>
     <span class='ocr_line' id='line_1_11' title="bbox 686 1465 3038 1553; baseline -0.003 -18"><span class='ocrx_word' id='word_1_83' title='bbox 686 1470 923 1553; x_wconf 77' lang='lat' dir='ltr'>adopte</span> <span class='ocrx_word' id='word_1_84' title='bbox 969 1465 1456 1533; x_wconf 84' lang='lat' dir='ltr'>l&#39;histoiriette.“</span> <span class='ocrx_word' id='word_1_85' title='bbox 1529 1466 1614 1530; x_wconf 82' lang='lat' dir='ltr'>At</span> <span class='ocrx_word' id='word_1_86' title='bbox 1644 1486 1796 1530; x_wconf 85' lang='lat' dir='ltr'>vero</span> <span class='ocrx_word' id='word_1_87' title='bbox 1828 1486 1991 1547; x_wconf 88' lang='lat' dir='ltr'>quae</span> <span class='ocrx_word' id='word_1_88' title='bbox 2022 1466 2105 1531; x_wconf 93' lang='lat' dir='ltr'>de</span> <span class='ocrx_word' id='word_1_89' title='bbox 2150 1467 2396 1532; x_wconf 88' lang='lat' dir='ltr'>duobus</span> <span class='ocrx_word' id='word_1_90' title='bbox 2440 1467 2541 1531; x_wconf 91' lang='lat' dir='ltr'>his</span> <span class='ocrx_word' id='word_1_91' title='bbox 2585 1467 2784 1549; x_wconf 79' lang='lat' dir='ltr'>septis</span> <span class='ocrx_word' id='word_1_92' title='bbox 2831 1465 3038 1549; x_wconf 89' lang='lat' dir='ltr'>dupli-</span> 
     </span>
     <span class='ocr_line' id='line_1_12' title="bbox 689 1567 3040 1654; baseline -0.003 -18"><span class='ocrx_word' id='word_1_93' title='bbox 689 1572 872 1654; x_wconf 90' lang='lat' dir='ltr'>cique</span> <span class='ocrx_word' id='word_1_94' title='bbox 917 1576 1222 1651; x_wconf 82' lang='lat' dir='ltr'>suggestu</span> <span class='ocrx_word' id='word_1_95' title='bbox 1268 1568 1439 1632; x_wconf 89' lang='lat' dir='ltr'>dicta</span> <span class='ocrx_word' id='word_1_96' title='bbox 1481 1574 1659 1648; x_wconf 85' lang='lat' dir='ltr'>sunt,</span> <span class='ocrx_word' id='word_1_97' title='bbox 1720 1588 1986 1649; x_wconf 88' lang='lat' dir='ltr'>quorum</span> <span class='ocrx_word' id='word_1_98' title='bbox 2045 1567 2317 1632; x_wconf 90' lang='lat' dir='ltr'>alterum</span> <span class='ocrx_word' id='word_1_99' title='bbox 2362 1568 2719 1633; x_wconf 86' lang='lat' dir='ltr'>Clisthenes</span> <span class='ocrx_word' id='word_1_100' title='bbox 2766 1568 3040 1632; x_wconf 89' lang='lat' dir='ltr'>alterum</span> 
     </span>
     <span class='ocr_line' id='line_1_13' title="bbox 690 1668 3042 1761; baseline -0.003 -23"><span class='ocrx_word' id='word_1_101' title='bbox 690 1671 1157 1761; x_wconf 82' lang='lat' dir='ltr'>Themistocles</span> <span class='ocrx_word' id='word_1_102' title='bbox 1215 1670 1654 1750; x_wconf 80' lang='lat' dir='ltr'>adornaverit,</span> <span class='ocrx_word' id='word_1_103' title='bbox 1716 1689 1894 1733; x_wconf 88' lang='lat' dir='ltr'>mera</span> <span class='ocrx_word' id='word_1_104' title='bbox 1952 1670 2316 1734; x_wconf 88' lang='lat' dir='ltr'>coniectura</span> <span class='ocrx_word' id='word_1_105' title='bbox 2372 1670 2674 1735; x_wconf 89' lang='lat' dir='ltr'>nituntur.</span> <span class='ocrx_word' id='word_1_106' title='bbox 2774 1668 3042 1733; x_wconf 77' lang='lat' dir='ltr'>Accedit</span> 
     </span>
     <span class='ocr_line' id='line_1_14' title="bbox 691 1770 3042 1856; baseline -0.001 -19"><span class='ocrx_word' id='word_1_107' title='bbox 691 1772 863 1856; x_wconf 90' lang='lat' dir='ltr'>quod</span> <span class='ocrx_word' id='word_1_108' title='bbox 919 1773 1083 1836; x_wconf 88' lang='lat' dir='ltr'>alter</span> <span class='ocrx_word' id='word_1_109' title='bbox 1138 1772 1248 1836; x_wconf 91' lang='lat' dir='ltr'>ille</span> <span class='ocrx_word' id='word_1_110' title='bbox 1304 1771 1593 1854; x_wconf 87' lang='lat' dir='ltr'>superior</span> <span class='ocrx_word' id='word_1_111' title='bbox 1632 1772 1845 1851; x_wconf 75' lang='lat' dir='ltr'>locuS,</span> <span class='ocrx_word' id='word_1_112' title='bbox 1908 1791 2095 1852; x_wconf 90' lang='lat' dir='ltr'>quem</span> <span class='ocrx_word' id='word_1_113' title='bbox 2152 1792 2265 1854; x_wconf 90' lang='lat' dir='ltr'>pro</span> <span class='ocrx_word' id='word_1_114' title='bbox 2311 1770 2677 1836; x_wconf 87' lang='lat' dir='ltr'>Clistheneo</span> <span class='ocrx_word' id='word_1_115' title='bbox 2737 1777 3042 1853; x_wconf 81' lang='lat' dir='ltr'>suggestu</span> 
     </span>
     <span class='ocr_line' id='line_1_15' title="bbox 689 1873 3047 1955; baseline -0.002 -16"><span class='ocrx_word' id='word_1_116' title='bbox 689 1874 916 1940; x_wconf 85' lang='lat' dir='ltr'>haberi</span> <span class='ocrx_word' id='word_1_117' title='bbox 958 1874 1161 1938; x_wconf 82' lang='lat' dir='ltr'>voluit</span> <span class='ocrx_word' id='word_1_118' title='bbox 1204 1874 1581 1955; x_wconf 83' lang='lat' dir='ltr'>Rangabes,</span> <span class='ocrx_word' id='word_1_119' title='bbox 1640 1873 1840 1936; x_wconf 90' lang='lat' dir='ltr'>multo</span> <span class='ocrx_word' id='word_1_120' title='bbox 1896 1873 2226 1954; x_wconf 81' lang='lat' dir='ltr'>angustior</span> <span class='ocrx_word' id='word_1_121' title='bbox 2283 1880 2380 1938; x_wconf 90' lang='lat' dir='ltr'>est</span> <span class='ocrx_word' id='word_1_122' title='bbox 2427 1894 2616 1954; x_wconf 87' lang='lat' dir='ltr'>quam</span> <span class='ocrx_word' id='word_1_123' title='bbox 2661 1894 2784 1954; x_wconf 90' lang='lat' dir='ltr'>quo</span> <span class='ocrx_word' id='word_1_124' title='bbox 2829 1879 3047 1936; x_wconf 89' lang='lat' dir='ltr'>orator</span> 
     </span>
     <span class='ocr_line' id='line_1_16' title="bbox 691 1974 3044 2060; baseline -0.001 -20"><span class='ocrx_word' id='word_1_125' title='bbox 691 1978 1002 2060; x_wconf 85' lang='lat' dir='ltr'>potuisset</span> <span class='ocrx_word' id='word_1_126' title='bbox 1028 1975 1344 2039; x_wconf 84' lang='lat' dir='ltr'>insistere.</span> <span class='ocrx_word' id='word_1_127' title='bbox 1419 1975 1620 2056; x_wconf 81' lang='lat' dir='ltr'>Igitur</span> <span class='ocrx_word' id='word_1_128' title='bbox 1664 1995 1746 2039; x_wconf 89' lang='lat' dir='ltr'>ne</span> <span class='ocrx_word' id='word_1_129' title='bbox 1790 1974 1909 2038; x_wconf 87' lang='lat' dir='ltr'>hoc</span> <span class='ocrx_word' id='word_1_130' title='bbox 1957 1974 2213 2056; x_wconf 88' lang='lat' dir='ltr'>quidem</span> <span class='ocrx_word' id='word_1_131' title='bbox 2257 1975 2447 2038; x_wconf 86' lang='lat' dir='ltr'>modo</span> <span class='ocrx_word' id='word_1_132' title='bbox 2491 1974 2818 2039; x_wconf 84' lang='lat' dir='ltr'>Plutarchi</span> <span class='ocrx_word' id='word_1_133' title='bbox 2861 1975 3044 2038; x_wconf 86' lang='lat' dir='ltr'>locus</span> 
     </span>
     <span class='ocr_line' id='line_1_17' title="bbox 693 2076 1276 2161; baseline -0.009 -18"><span class='ocrx_word' id='word_1_134' title='bbox 693 2076 1002 2161; x_wconf 81' lang='lat' dir='ltr'>explicari</span> <span class='ocrx_word' id='word_1_135' title='bbox 1045 2082 1276 2159; x_wconf 88' lang='lat' dir='ltr'>potest.</span> 
     </span>
    </p>

    <p class='ocr_par' dir='ltr' id='par_1_3' title="bbox 692 2177 3053 2769">
     <span class='ocr_line' id='line_1_18' title="bbox 865 2177 3045 2261; baseline -0.001 -17"><span class='ocrx_word' id='word_1_136' title='bbox 865 2178 1141 2245; x_wconf 89' lang='lat' dir='ltr'>Omnino</span> <span class='ocrx_word' id='word_1_137' title='bbox 1213 2183 1426 2241; x_wconf 88' lang='lat' dir='ltr'>autem</span> <span class='ocrx_word' id='word_1_138' title='bbox 1491 2197 1680 2241; x_wconf 86' lang='lat' dir='ltr'>nemo</span> <span class='ocrx_word' id='word_1_139' title='bbox 1746 2184 2033 2242; x_wconf 84' lang='lat' dir='ltr'>veterum</span> <span class='ocrx_word' id='word_1_140' title='bbox 2099 2177 2363 2242; x_wconf 83' lang='lat' dir='ltr'>tradidit</span> <span class='ocrx_word' id='word_1_141' title='bbox 2430 2179 2570 2259; x_wconf 90' lang='lat' dir='ltr'>quis</span> <span class='ocrx_word' id='word_1_142' title='bbox 2636 2179 2910 2261; x_wconf 90' lang='lat' dir='ltr'>primum</span> <span class='ocrx_word' id='word_1_143' title='bbox 2975 2179 3045 2241; x_wconf 86' lang='lat' dir='ltr'>in</span> 
     </span>
     <span class='ocr_line' id='line_1_19' title="bbox 694 2279 3048 2366; baseline -0.002 -18"><span class='ocrx_word' id='word_1_144' title='bbox 694 2285 976 2366; x_wconf 80' lang='lat' dir='ltr'>Pnycem</span> <span class='ocrx_word' id='word_1_145' title='bbox 1021 2279 1469 2344; x_wconf 79' lang='lat' dir='ltr'>convocaverit</span> <span class='ocrx_word' id='word_1_146' title='bbox 1511 2280 1838 2362; x_wconf 90' lang='lat' dir='ltr'>populum.</span> <span class='ocrx_word' id='word_1_147' title='bbox 1927 2279 1997 2344; x_wconf 87' lang='lat' dir='ltr'>Si</span> <span class='ocrx_word' id='word_1_148' title='bbox 2052 2286 2372 2344; x_wconf 84' lang='lat' dir='ltr'>constaret</span> <span class='ocrx_word' id='word_1_149' title='bbox 2430 2300 2572 2344; x_wconf 90' lang='lat' dir='ltr'>eum</span> <span class='ocrx_word' id='word_1_150' title='bbox 2626 2300 2813 2361; x_wconf 89' lang='lat' dir='ltr'>quem</span> <span class='ocrx_word' id='word_1_151' title='bbox 2856 2281 3048 2360; x_wconf 78' lang='lat' dir='ltr'>legis-</span> 
     </span>
     <span class='ocr_line' id='line_1_20' title="bbox 692 2380 3047 2463; baseline -0.001 -16"><span class='ocrx_word' id='word_1_152' title='bbox 692 2386 964 2448; x_wconf 86' lang='lat' dir='ltr'>latorem</span> <span class='ocrx_word' id='word_1_153' title='bbox 1024 2380 1178 2444; x_wconf 86' lang='lat' dir='ltr'>dicit</span> <span class='ocrx_word' id='word_1_154' title='bbox 1219 2380 1573 2444; x_wconf 87' lang='lat' dir='ltr'>Aeschines</span> <span class='ocrx_word' id='word_1_155' title='bbox 1619 2385 1695 2459; x_wconf 90' lang='lat' dir='ltr'>(c.</span> <span class='ocrx_word' id='word_1_156' title='bbox 1743 2380 1910 2445; x_wconf 83' lang='lat' dir='ltr'>Ctes.</span> <span class='ocrx_word' id='word_1_157' title='bbox 1958 2402 2020 2463; x_wconf 86' lang='lat' dir='ltr'>p.</span> <span class='ocrx_word' id='word_1_158' title='bbox 2068 2385 2194 2455; x_wconf 81' lang='lat'><strong>58.)</strong></span> <span class='ocrx_word' id='word_1_159' title='bbox 2246 2382 2439 2446; x_wconf 86' lang='lat' dir='ltr'>fuisse</span> <span class='ocrx_word' id='word_1_160' title='bbox 2485 2382 2817 2462; x_wconf 82' lang='lat' dir='ltr'>Solonem,</span> <span class='ocrx_word' id='word_1_161' title='bbox 2880 2399 3047 2462; x_wconf 88' lang='lat' dir='ltr'>quae</span> 
     </span>
     <span class='ocr_line' id='line_1_21' title="bbox 695 2481 3051 2566; baseline -0.003 -16"><span class='ocrx_word' id='word_1_162' title='bbox 695 2484 944 2550; x_wconf 86' lang='lat' dir='ltr'>Dukeri</span> <span class='ocrx_word' id='word_1_163' title='bbox 982 2482 1300 2546; x_wconf 85' lang='lat' dir='ltr'>sententia</span> <span class='ocrx_word' id='word_1_164' title='bbox 1330 2488 1445 2562; x_wconf 86' lang='lat' dir='ltr'>est,</span> <span class='ocrx_word' id='word_1_165' title='bbox 1492 2481 1577 2545; x_wconf 87' lang='lat' dir='ltr'>ad</span> <span class='ocrx_word' id='word_1_166' title='bbox 1609 2483 1779 2547; x_wconf 90' lang='lat' dir='ltr'>hunc</span> <span class='ocrx_word' id='word_1_167' title='bbox 1808 2484 2156 2565; x_wconf 86' lang='lat' dir='ltr'>pertineret</span> <span class='ocrx_word' id='word_1_168' title='bbox 2186 2484 2420 2566; x_wconf 70' lang='lat' dir='ltr'>Pnycis</span> <span class='ocrx_word' id='word_1_169' title='bbox 2462 2503 2614 2547; x_wconf 89' lang='lat' dir='ltr'>usus</span> <span class='ocrx_word' id='word_1_170' title='bbox 2657 2483 2743 2546; x_wconf 91' lang='lat' dir='ltr'>ad</span> <span class='ocrx_word' id='word_1_171' title='bbox 2787 2482 3051 2546; x_wconf 86' lang='lat' dir='ltr'>comitia</span> 
     </span>
     <span class='ocr_line' id='line_1_22' title="bbox 696 2584 3053 2667; baseline -0.002 -15"><span class='ocrx_word' id='word_1_172' title='bbox 696 2584 1204 2653; x_wconf 84' lang='lat' dir='ltr'>Atheniensium.</span> <span class='ocrx_word' id='word_1_173' title='bbox 1267 2584 1451 2648; x_wconf 77' lang='lat' dir='ltr'>Nune</span> <span class='ocrx_word' id='word_1_174' title='bbox 1484 2591 1697 2649; x_wconf 87' lang='lat' dir='ltr'>autem</span> <span class='ocrx_word' id='word_1_175' title='bbox 1727 2604 1936 2667; x_wconf 89' lang='lat' dir='ltr'>neque</span> <span class='ocrx_word' id='word_1_176' title='bbox 1968 2585 2048 2650; x_wconf 88' lang='lat' dir='ltr'>de</span> <span class='ocrx_word' id='word_1_177' title='bbox 2079 2585 2316 2650; x_wconf 78' lang='lat' dir='ltr'>Solone</span> <span class='ocrx_word' id='word_1_178' title='bbox 2359 2605 2566 2667; x_wconf 90' lang='lat' dir='ltr'>neque</span> <span class='ocrx_word' id='word_1_179' title='bbox 2604 2584 2685 2650; x_wconf 84' lang='lat' dir='ltr'>de</span> <span class='ocrx_word' id='word_1_180' title='bbox 2716 2584 3053 2649; x_wconf 81' lang='lat' dir='ltr'>Clisthene</span> 
     </span>
     <span class='ocr_line' id='line_1_23' title="bbox 698 2687 1928 2769; baseline -0.003 -15"><span class='ocrx_word' id='word_1_181' title='bbox 698 2687 975 2769; x_wconf 84' lang='lat' dir='ltr'>intelligi</span> <span class='ocrx_word' id='word_1_182' title='bbox 1018 2692 1286 2769; x_wconf 88' lang='lat' dir='ltr'>possunt</span> <span class='ocrx_word' id='word_1_183' title='bbox 1328 2687 1664 2751; x_wconf 88' lang='lat' dir='ltr'>Aeschinis</span> <span class='ocrx_word' id='word_1_184' title='bbox 1709 2688 1928 2751; x_wconf 80' lang='lat' dir='ltr'>verba.</span> 
     </span>
    </p>

    <p class='ocr_par' dir='ltr' id='par_1_4' title="bbox 695 2788 3055 3465">
     <span class='ocr_line' id='line_1_24' title="bbox 869 2788 3050 2872; baseline -0.002 -18"><span class='ocrx_word' id='word_1_185' title='bbox 869 2789 1027 2854; x_wconf 90' lang='lat' dir='ltr'>Miro</span> <span class='ocrx_word' id='word_1_186' title='bbox 1073 2788 1264 2853; x_wconf 87' lang='lat' dir='ltr'>modo</span> <span class='ocrx_word' id='word_1_187' title='bbox 1310 2788 1460 2852; x_wconf 91' lang='lat' dir='ltr'>olim</span> <span class='ocrx_word' id='word_1_188' title='bbox 1507 2789 1808 2853; x_wconf 86' lang='lat' dir='ltr'>Dukerus</span> <span class='ocrx_word' id='word_1_189' title='bbox 1854 2790 1963 2864; x_wconf 80' lang='lat' dir='ltr'>(ad</span> <span class='ocrx_word' id='word_1_190' title='bbox 2006 2788 2298 2872; x_wconf 65' lang='lat' dir='ltr'>Thucyd.</span> <span class='ocrx_word' id='word_1_191' title='bbox 2332 2789 2509 2868; x_wconf 83' lang='lat' dir='ltr'>VIII,</span> <span class='ocrx_word' id='word_1_192' title='bbox 2547 2793 2674 2864; x_wconf 77' lang='lat'>97.)</span> <span class='ocrx_word' id='word_1_193' title='bbox 2719 2788 3050 2852; x_wconf 88' lang='lat' dir='ltr'>Plutarchi</span> 
     </span>
     <span class='ocr_line' id='line_1_25' title="bbox 695 2888 3053 2972; baseline -0.002 -15"><span class='ocrx_word' id='word_1_194' title='bbox 695 2895 905 2957; x_wconf 89' lang='lat' dir='ltr'>locum</span> <span class='ocrx_word' id='word_1_195' title='bbox 951 2890 1275 2972; x_wconf 85' lang='lat' dir='ltr'>explicare</span> <span class='ocrx_word' id='word_1_196' title='bbox 1320 2890 1690 2953; x_wconf 89' lang='lat' dir='ltr'>conabatur.</span> <span class='ocrx_word' id='word_1_197' title='bbox 1779 2892 1879 2954; x_wconf 87' lang='lat' dir='ltr'>Ita</span> <span class='ocrx_word' id='word_1_198' title='bbox 1922 2892 2093 2955; x_wconf 90' lang='lat' dir='ltr'>enim</span> <span class='ocrx_word' id='word_1_199' title='bbox 2136 2892 2279 2955; x_wconf 91' lang='lat' dir='ltr'>ille:</span> <span class='ocrx_word' id='word_1_200' title='bbox 2325 2888 2555 2969; x_wconf 50' lang='lat' dir='ltr'>„Hvissc‘</span> <span class='ocrx_word' id='word_1_201' title='bbox 2596 2898 2732 2954; x_wconf 89' lang='lat' dir='ltr'>erat</span> <span class='ocrx_word' id='word_1_202' title='bbox 2774 2890 3053 2953; x_wconf 83' lang='lat' dir='ltr'>Athenis</span> 
     </span>
     <span class='ocr_line' id='line_1_26' title="bbox 697 2990 3053 3074; baseline -0.002 -16"><span class='ocrx_word' id='word_1_203' title='bbox 697 2996 877 3058; x_wconf 85' lang='lat' dir='ltr'>iuxta</span> <span class='ocrx_word' id='word_1_204' title='bbox 918 2992 1285 3074; x_wconf 90' lang='lat' dir='ltr'>Acropolin.</span> <span class='ocrx_word' id='word_1_205' title='bbox 1375 2991 1530 3054; x_wconf 83' lang='lat' dir='ltr'>Eius</span> <span class='ocrx_word' id='word_1_206' title='bbox 1573 2992 1852 3054; x_wconf 85' lang='lat' dir='ltr'>tribunal</span> <span class='ocrx_word' id='word_1_207' title='bbox 1900 2993 2233 3074; x_wconf 80' lang='lat' dir='ltr'>spectabat</span> <span class='ocrx_word' id='word_1_208' title='bbox 2277 2993 2362 3056; x_wconf 88' lang='lat' dir='ltr'>ad</span> <span class='ocrx_word' id='word_1_209' title='bbox 2405 3013 2612 3074; x_wconf 79' lang='lat' dir='ltr'>mare3</span> <span class='ocrx_word' id='word_1_210' title='bbox 2671 2991 2786 3056; x_wconf 86' lang='lat' dir='ltr'>sed</span> <span class='ocrx_word' id='word_1_211' title='bbox 2843 2991 2911 3054; x_wconf 86' lang='lat' dir='ltr'>id</span> <span class='ocrx_word' id='word_1_212' title='bbox 2961 2990 3053 3054; x_wconf 87' lang='lat' dir='ltr'>ad</span> 
     </span>
     <span class='ocr_line' id='line_1_27' title="bbox 700 3092 3054 3176; baseline -0.003 -15"><span class='ocrx_word' id='word_1_213' title='bbox 700 3095 1131 3162; x_wconf 88' lang='lat' dir='ltr'>continentem</span> <span class='ocrx_word' id='word_1_214' title='bbox 1188 3113 1228 3155; x_wconf 90' lang='lat' dir='ltr'>a</span> <span class='ocrx_word' id='word_1_215' title='bbox 1283 3092 1481 3156; x_wconf 87' lang='lat' dir='ltr'>XXX</span> <span class='ocrx_word' id='word_1_216' title='bbox 1539 3093 1831 3176; x_wconf 73' lang='lat' dir='ltr'>tyrannis</span> <span class='ocrx_word' id='word_1_217' title='bbox 1885 3113 2136 3157; x_wconf 77' lang='lat' dir='ltr'>versum</span> <span class='ocrx_word' id='word_1_218' title='bbox 2199 3101 2313 3158; x_wconf 90' lang='lat' dir='ltr'>est.</span> <span class='ocrx_word' id='word_1_219' title='bbox 2414 3094 2647 3158; x_wconf 87' lang='lat' dir='ltr'>Postea</span> <span class='ocrx_word' id='word_1_220' title='bbox 2719 3100 2937 3157; x_wconf 87' lang='lat' dir='ltr'>tamen</span> <span class='ocrx_word' id='word_1_221' title='bbox 3010 3113 3054 3155; x_wconf 89' lang='lat' dir='ltr'>a</span> 
     </span>
     <span class='ocr_line' id='line_1_28' title="bbox 700 3193 3055 3276; baseline -0.003 -14"><span class='ocrx_word' id='word_1_222' title='bbox 700 3195 1133 3262; x_wconf 88' lang='lat' dir='ltr'>Themistocle</span> <span class='ocrx_word' id='word_1_223' title='bbox 1176 3193 1553 3274; x_wconf 80' lang='lat' dir='ltr'>restitutum,</span> <span class='ocrx_word' id='word_1_224' title='bbox 1602 3195 1777 3258; x_wconf 90' lang='lat' dir='ltr'>cuius</span> <span class='ocrx_word' id='word_1_225' title='bbox 1819 3195 2142 3276; x_wconf 87' lang='lat' dir='ltr'>utriusque</span> <span class='ocrx_word' id='word_1_226' title='bbox 2184 3195 2336 3259; x_wconf 88' lang='lat' dir='ltr'>facti</span> <span class='ocrx_word' id='word_1_227' title='bbox 2381 3215 2638 3259; x_wconf 82' lang='lat' dir='ltr'>causam</span> <span class='ocrx_word' id='word_1_228' title='bbox 2669 3194 3055 3259; x_wconf 86' lang='lat' dir='ltr'>Plutarchus</span> 
     </span>
     <span class='ocr_line' id='line_1_29' title="bbox 699 3293 3055 3378; baseline -0.002 -15"><span class='ocrx_word' id='word_1_229' title='bbox 699 3300 769 3363; x_wconf 90' lang='lat' dir='ltr'>in</span> <span class='ocrx_word' id='word_1_230' title='bbox 814 3298 949 3363; x_wconf 90' lang='lat' dir='ltr'>eius</span> <span class='ocrx_word' id='word_1_231' title='bbox 991 3296 1126 3360; x_wconf 79' lang='lat' dir='ltr'>vita</span> <span class='ocrx_word' id='word_1_232' title='bbox 1169 3293 1446 3358; x_wconf 82' lang='lat' dir='ltr'>reddit.“</span> <span class='ocrx_word' id='word_1_233' title='bbox 1521 3295 1790 3360; x_wconf 88' lang='lat' dir='ltr'>Videtur</span> <span class='ocrx_word' id='word_1_234' title='bbox 1831 3297 2022 3378; x_wconf 83' lang='lat' dir='ltr'>igitur</span> <span class='ocrx_word' id='word_1_235' title='bbox 2064 3298 2281 3361; x_wconf 84' lang='lat' dir='ltr'>nescio</span> <span class='ocrx_word' id='word_1_236' title='bbox 2327 3318 2450 3378; x_wconf 92' lang='lat' dir='ltr'>quo</span> <span class='ocrx_word' id='word_1_237' title='bbox 2497 3297 2688 3361; x_wconf 87' lang='lat' dir='ltr'>modo</span> <span class='ocrx_word' id='word_1_238' title='bbox 2732 3298 3055 3377; x_wconf 83' lang='lat' dir='ltr'>Triginta-</span> 
     </span>
     <span class='ocr_line' id='line_1_30' title="bbox 701 3396 1948 3465; baseline -0.004 0"><span class='ocrx_word' id='word_1_239' title='bbox 701 3401 873 3465; x_wconf 84' lang='lat' dir='ltr'>viros</span> <span class='ocrx_word' id='word_1_240' title='bbox 917 3396 1279 3463; x_wconf 83' lang='lat' dir='ltr'>confudisse</span> <span class='ocrx_word' id='word_1_241' title='bbox 1323 3416 1465 3459; x_wconf 90' lang='lat' dir='ltr'>cum</span> <span class='ocrx_word' id='word_1_242' title='bbox 1508 3397 1948 3462; x_wconf 87' lang='lat' dir='ltr'>Pisistratidis.</span> 
     </span>
    </p>

    <p class='ocr_par' dir='ltr' id='par_1_5' title="bbox 874 3498 3057 3582">
     <span class='ocr_line' id='line_1_31' title="bbox 874 3498 3057 3582; baseline -0 -18"><span class='ocrx_word' id='word_1_243' title='bbox 874 3501 952 3564; x_wconf 91' lang='lat' dir='ltr'>In</span> <span class='ocrx_word' id='word_1_244' title='bbox 995 3505 1129 3563; x_wconf 90' lang='lat' dir='ltr'>tota</span> <span class='ocrx_word' id='word_1_245' title='bbox 1172 3504 1385 3562; x_wconf 89' lang='lat' dir='ltr'>autem</span> <span class='ocrx_word' id='word_1_246' title='bbox 1415 3498 1740 3561; x_wconf 90' lang='lat' dir='ltr'>Plutarchi</span> <span class='ocrx_word' id='word_1_247' title='bbox 1782 3500 2150 3565; x_wconf 90' lang='lat' dir='ltr'>narratione</span> <span class='ocrx_word' id='word_1_248' title='bbox 2192 3520 2310 3582; x_wconf 90' lang='lat' dir='ltr'>per</span> <span class='ocrx_word' id='word_1_249' title='bbox 2351 3501 2507 3563; x_wconf 89' lang='lat' dir='ltr'>mihi</span> <span class='ocrx_word' id='word_1_250' title='bbox 2540 3501 2768 3564; x_wconf 88' lang='lat' dir='ltr'>mirum</span> <span class='ocrx_word' id='word_1_251' title='bbox 2798 3519 3057 3581; x_wconf 87' lang='lat' dir='ltr'>semper</span> 
     </span>
    </p>
   </div>
   <div class='ocr_carea' id='block_1_3' title="bbox 703 3598 3057 3785">
    <p class='ocr_par' dir='ltr' id='par_1_6' title="bbox 703 3598 3057 3785">
     <span class='ocr_line' id='line_1_32' title="bbox 703 3598 3057 3683; baseline -0.001 -15"><span class='ocrx_word' id='word_1_252' title='bbox 703 3605 913 3669; x_wconf 87' lang='lat' dir='ltr'>visum</span> <span class='ocrx_word' id='word_1_253' title='bbox 970 3608 1066 3665; x_wconf 89' lang='lat' dir='ltr'>est</span> <span class='ocrx_word' id='word_1_254' title='bbox 1121 3600 1383 3680; x_wconf 83' lang='lat' dir='ltr'>triginta</span> <span class='ocrx_word' id='word_1_255' title='bbox 1438 3598 1798 3664; x_wconf 90' lang='lat' dir='ltr'>harmostas</span> <span class='ocrx_word' id='word_1_256' title='bbox 1817 3602 1855 3674; x_wconf 88' lang='lat'>¹)</span> <span class='ocrx_word' id='word_1_257' title='bbox 1913 3622 2029 3683; x_wconf 88' lang='lat' dir='ltr'>per</span> <span class='ocrx_word' id='word_1_258' title='bbox 2085 3609 2224 3666; x_wconf 92' lang='lat' dir='ltr'>octo</span> <span class='ocrx_word' id='word_1_259' title='bbox 2278 3602 2425 3666; x_wconf 90' lang='lat' dir='ltr'>illos</span> <span class='ocrx_word' id='word_1_260' title='bbox 2481 3622 2765 3682; x_wconf 74' lang='lat' dir='ltr'>menseS‚</span> <span class='ocrx_word' id='word_1_261' title='bbox 2823 3601 3057 3682; x_wconf 90' lang='lat' dir='ltr'>quibus</span> 
     </span>
     <span class='ocr_line' id='line_1_33' title="bbox 704 3687 3057 3785; baseline -0.002 -15"><span class='ocrx_word' id='word_1_262' title='bbox 704 3705 1102 3770; x_wconf 88' lang='lat' dir='ltr'>Athenarum</span> <span class='ocrx_word' id='word_1_263' title='bbox 1129 3687 1644 3767; x_wconf 68' lang='lat' dir='ltr'>‘dominationem</span> <span class='ocrx_word' id='word_1_264' title='bbox 1688 3708 2046 3784; x_wconf 82' lang='lat' dir='ltr'>tenuerunt,</span> <span class='ocrx_word' id='word_1_265' title='bbox 2094 3724 2306 3767; x_wconf 89' lang='lat' dir='ltr'>curam</span> <span class='ocrx_word' id='word_1_266' title='bbox 2348 3704 2629 3785; x_wconf 89' lang='lat' dir='ltr'>aliquam</span> <span class='ocrx_word' id='word_1_267' title='bbox 2658 3702 3057 3785; x_wconf 87' lang='lat' dir='ltr'>impendisse</span> 
     </span>
    </p>
   </div>
   <div class='ocr_carea' id='block_1_4' title="bbox 720 3845 920 3852">
    <p class='ocr_par' dir='ltr' id='par_1_7' title="bbox 720 3845 920 3852">
     <span class='ocr_line' id='line_1_34' title="bbox 720 3845 920 3852; baseline 0 1367"><span class='ocrx_word' id='word_1_268' title='bbox 720 3845 920 3852; x_wconf 95' lang='lat' dir='ltr'> </span> 
     </span>
    </p>
   </div>
   <div class='ocr_carea' id='block_1_5' title="bbox 708 3904 3063 4309">
    <p class='ocr_par' dir='ltr' id='par_1_8' title="bbox 708 3904 3063 4309">
     <span class='ocr_line' id='line_1_35' title="bbox 843 3904 3058 3972; baseline -0.001 -17"><span class='ocrx_word' id='word_1_269' title='bbox 843 3907 878 3972; x_wconf 86' lang='lat'>¹)</span> <span class='ocrx_word' id='word_1_270' title='bbox 917 3906 1002 3956; x_wconf 86' lang='lat' dir='ltr'>Sic</span> <span class='ocrx_word' id='word_1_271' title='bbox 1040 3905 1203 3954; x_wconf 86' lang='lat' dir='ltr'>dictos</span> <span class='ocrx_word' id='word_1_272' title='bbox 1239 3904 1395 3954; x_wconf 84' lang='lat' dir='ltr'>fuisse</span> <span class='ocrx_word' id='word_1_273' title='bbox 1432 3905 1647 3968; x_wconf 81' lang='lat' dir='ltr'>triginta</span> <span class='ocrx_word' id='word_1_274' title='bbox 1683 3910 1923 3970; x_wconf 86' lang='lat' dir='ltr'>tyrannos</span> <span class='ocrx_word' id='word_1_275' title='bbox 1958 3905 2188 3968; x_wconf 88' lang='lat' dir='ltr'>legitimo</span> <span class='ocrx_word' id='word_1_276' title='bbox 2224 3920 2380 3968; x_wconf 90' lang='lat' dir='ltr'>eoque</span> <span class='ocrx_word' id='word_1_277' title='bbox 2427 3904 2800 3954; x_wconf 88' lang='lat' dir='ltr'>lacedaemonio</span> <span class='ocrx_word' id='word_1_278' title='bbox 2847 3904 3058 3953; x_wconf 88' lang='lat' dir='ltr'>nomine</span> 
     </span>
     <span class='ocr_line' id='line_1_36' title="bbox 711 3983 3049 4057; baseline -0.003 -14"><span class='ocrx_word' id='word_1_279' title='bbox 711 3992 951 4043; x_wconf 87' lang='lat' dir='ltr'>concludi</span> <span class='ocrx_word' id='word_1_280' title='bbox 998 3995 1167 4057; x_wconf 86' lang='lat' dir='ltr'>potest</span> <span class='ocrx_word' id='word_1_281' title='bbox 1212 4005 1272 4038; x_wconf 83' lang='lat' dir='ltr'>ex</span> <span class='ocrx_word' id='word_1_282' title='bbox 1308 3989 1517 4037; x_wconf 87' lang='lat' dir='ltr'>Diodori</span> <span class='ocrx_word' id='word_1_283' title='bbox 1568 3990 1733 4038; x_wconf 84' lang='lat' dir='ltr'>verbis</span> <span class='ocrx_word' id='word_1_284' title='bbox 1782 3989 1940 4052; x_wconf 89' lang='lat' dir='ltr'>(XIV,</span> <span class='ocrx_word' id='word_1_285' title='bbox 1988 3992 2058 4054; x_wconf 86' lang='lat'>3.)</span> <span class='ocrx_word' id='word_1_286' title='bbox 2106 3985 2533 4056; x_wconf 77' lang='grc' dir='ltr'><em>ἁρμόζοντες</em></span> <span class='ocrx_word' id='word_1_287' title='bbox 2576 3986 2702 4055; x_wconf 79' lang='grc' dir='ltr'>μὲν</span> <span class='ocrx_word' id='word_1_288' title='bbox 2748 3992 2830 4051; x_wconf 75' lang='grc' dir='ltr'>τῷ</span> <span class='ocrx_word' id='word_1_289' title='bbox 2877 3983 3049 4053; x_wconf 79' lang='grc' dir='ltr'><em>λόγῳ,</em></span> 
     </span>
     <span class='ocr_line' id='line_1_37' title="bbox 710 4071 3058 4143; baseline -0.002 -17"><span class='ocrx_word' id='word_1_290' title='bbox 710 4073 1053 4143; x_wconf 79' lang='grc' dir='ltr'><strong><em>τύραννοι</em></strong></span> <span class='ocrx_word' id='word_1_291' title='bbox 1100 4071 1160 4124; x_wconf 73' lang='grc' dir='ltr'>δέ</span> <span class='ocrx_word' id='word_1_292' title='bbox 1207 4076 1321 4127; x_wconf 80' lang='grc' dir='ltr'><em>τοῖς</em></span> <span class='ocrx_word' id='word_1_293' title='bbox 1367 4071 1702 4139; x_wconf 78' lang='grc' dir='ltr'><strong>πράγμασιν.</strong></span> <span class='ocrx_word' id='word_1_294' title='bbox 1775 4074 2121 4140; x_wconf 87' lang='lat' dir='ltr'>Tyrannorum</span> <span class='ocrx_word' id='word_1_295' title='bbox 2170 4090 2350 4122; x_wconf 89' lang='lat' dir='ltr'>nomen</span> <span class='ocrx_word' id='word_1_296' title='bbox 2387 4074 2614 4123; x_wconf 86' lang='lat' dir='ltr'>obtinuit</span> <span class='ocrx_word' id='word_1_297' title='bbox 2647 4078 2915 4138; x_wconf 83' lang='lat' dir='ltr'>postquam</span> <span class='ocrx_word' id='word_1_298' title='bbox 2950 4088 3058 4121; x_wconf 86' lang='lat' dir='ltr'>res-</span> 
     </span>
     <span class='ocr_line' id='line_1_38' title="bbox 708 4152 3054 4226; baseline -0.003 -15"><span class='ocrx_word' id='word_1_299' title='bbox 708 4161 917 4226; x_wconf 88' lang='lat' dir='ltr'>publica</span> <span class='ocrx_word' id='word_1_300' title='bbox 951 4160 1185 4211; x_wconf 85' lang='lat' dir='ltr'>restituta</span> <span class='ocrx_word' id='word_1_301' title='bbox 1222 4164 1322 4218; x_wconf 81' lang='lat' dir='ltr'>est3</span> <span class='ocrx_word' id='word_1_302' title='bbox 1373 4159 1665 4223; x_wconf 88' lang='lat' dir='ltr'>plerumque</span> <span class='ocrx_word' id='word_1_303' title='bbox 1703 4159 1837 4208; x_wconf 86' lang='lat' dir='ltr'>enim</span> <span class='ocrx_word' id='word_1_304' title='bbox 1876 4159 2176 4209; x_wconf 85' lang='lat' dir='ltr'>dicebantur</span> <span class='ocrx_word' id='word_1_305' title='bbox 2211 4153 2266 4208; x_wconf 83' lang='grc' dir='ltr'>οἱ</span> <span class='ocrx_word' id='word_1_306' title='bbox 2299 4159 2622 4225; x_wconf 78' lang='grc' dir='ltr'><em>τριάκοντα,</em></span> <span class='ocrx_word' id='word_1_307' title='bbox 2664 4163 2721 4208; x_wconf 88' lang='lat' dir='ltr'>ut</span> <span class='ocrx_word' id='word_1_308' title='bbox 2758 4153 2812 4207; x_wconf 85' lang='grc' dir='ltr'>οἱ</span> <span class='ocrx_word' id='word_1_309' title='bbox 2845 4152 3054 4207; x_wconf 72' lang='grc' dir='ltr'>ἕνδεκα.</span> 
     </span>
     <span class='ocr_line' id='line_1_39' title="bbox 709 4241 3063 4309; baseline -0.003 -14"><span class='ocrx_word' id='word_1_310' title='bbox 709 4248 912 4296; x_wconf 87' lang='lat' dir='ltr'>Primus</span> <span class='ocrx_word' id='word_1_311' title='bbox 960 4245 1140 4294; x_wconf 84' lang='lat' dir='ltr'>titulus</span> <span class='ocrx_word' id='word_1_312' title='bbox 1187 4242 1425 4309; x_wconf 85' lang='lat' dir='ltr'>publicus</span> <span class='ocrx_word' id='word_1_313' title='bbox 1468 4260 1566 4306; x_wconf 93' lang='lat' dir='ltr'>quo</span> <span class='ocrx_word' id='word_1_314' title='bbox 1603 4244 1807 4309; x_wconf 89' lang='lat' dir='ltr'>tyranni</span> <span class='ocrx_word' id='word_1_315' title='bbox 1843 4248 2230 4308; x_wconf 86' lang='lat' dir='ltr'>nuncupantur,</span> <span class='ocrx_word' id='word_1_316' title='bbox 2279 4243 2538 4293; x_wconf 82' lang='lat' dir='ltr'>invenitur</span> <span class='ocrx_word' id='word_1_317' title='bbox 2572 4243 2708 4307; x_wconf 83' lang='lat' dir='ltr'>apud</span> <span class='ocrx_word' id='word_1_318' title='bbox 2744 4241 3022 4307; x_wconf 86' lang='lat' dir='ltr'>Rangaben</span> <span class='ocrx_word' id='word_1_319' title='bbox 3049 4274 3063 4302; x_wconf 61' lang='lat'>2</span> 
     </span>
    </p>
   </div>
   <div class='ocr_carea' id='block_1_6' title="bbox 3476 19 3486 583">
    <p class='ocr_par' dir='ltr' id='par_1_9' title="bbox 3476 19 3486 583">
     <span class='ocr_line' id='line_1_40' title="bbox 3476 19 3486 583; baseline 0 0"><span class='ocrx_word' id='word_1_320' title='bbox 3476 19 3486 583; x_wconf 95' lang='lat' dir='ltr'> </span> 
     </span>
    </p>
   </div>
   <div class='ocr_carea' id='block_1_7' title="bbox 3474 3027 3488 3786">
    <p class='ocr_par' dir='ltr' id='par_1_10' title="bbox 3474 3027 3488 3786">
     <span class='ocr_line' id='line_1_41' title="bbox 3474 3027 3488 3786; baseline 0 0"><span class='ocrx_word' id='word_1_321' title='bbox 3474 3027 3488 3786; x_wconf 95' lang='lat' dir='ltr'> </span> 
     </span>
    </p>
   </div>
   <div class='ocr_carea' id='block_1_8' title="bbox 3474 4159 3487 4862">
    <p class='ocr_par' dir='ltr' id='par_1_11' title="bbox 3474 4159 3487 4862">
     <span class='ocr_line' id='line_1_42' title="bbox 3474 4159 3487 4862; baseline 0 0"><span class='ocrx_word' id='word_1_322' title='bbox 3474 4159 3487 4862; x_wconf 95' lang='lat' dir='ltr'> </span> 
     </span>
    </p>
   </div>
  </div>
 </body>
</html>
