3499 5219
1656 407 1785 413 ——-·
1879 373 1999 436 104
2086 407 2217 414 ——-

764 548 948 614 uxori
989 565 1150 614 suae
1186 543 1352 609 forte
1390 541 1798 609 imminentes
1838 541 2211 621 evitaturus,
2257 560 2399 606 cum
2434 539 2710 606 MARIA
2752 538 3109 604 Slesvi'cum

767 648 1060 729 secessit,
1121 645 1205 712 de
1257 644 1551 711 fortunae
1605 643 1853 709 incerto
1903 642 2126 709 favore
2166 642 2448 724 graviter
2486 641 2785 706 monitus.
2874 640 3110 705 Verum

767 752 1029 832 laetius,
1087 746 1326 815 deinde
1374 752 1526 828 post
1562 762 1847 826 pugnam
1889 744 2291 827 Lipsiensem
2306 792 2325 825 ,
2383 762 2545 826 pace
2600 751 2772 809 terra
2824 744 3111 824 marique

768 861 973 938 parta,
1018 855 1519 932 recuperataque
1561 847 1861 913 libertate
1887 846 2275 929 germanica,
2322 865 2426 911 res
2454 846 2649 911 etiam
2679 844 3111 910 Vimarienses

771 952 1119 1019 effloruere.
1213 949 1408 1015 'Aucti
1463 956 1612 1015 sunt
1661 948 1892 1015 Gai-olo
1935 950 2225 1030 Augusto
2280 949 2558 1014 honores
2574 996 2591 1029 ,
2649 947 2903 1012 dilatati
2957 945 3112 1010 fines

768 1053 1046 1123 civitatis
1088 1058 1363 1134 nostrae,
1421 1052 1947 1132 liberalioresque
1990 1050 2380 1134 reipublicae
2422 1049 2601 1133 leges
2643 1049 2837 1130 latae,
2886 1049 3113 1131 quibus

772 1156 990 1223 omnia
1030 1153 1553 1234 conciliarentur,
1610 1153 1903 1236 inprimis
1956 1153 2204 1233 antiqui
2260 1172 2403 1217 cum
2457 1152 2641 1217 novis
2684 1152 2951 1217 civibus.
3037 1150 3112 1213 In

772 1258 1001 1341 quibus
1041 1256 1338 1323 omnibus
1382 1263 1740 1323 consortem
1785 1262 1850 1321 et
1892 1255 2142 1320 consilii
2182 1261 2248 1319 et
2289 1254 2530 1318 laboris
2572 1260 2758 1337 pater
2791 1252 3113 1318 serenissi-

772 1380 913 1427 mus
956 1359 1212 1441 saepius
1256 1357 1549 1423 adhibuit
1593 1355 2002 1423 CAROLUM
2045 1356 2601 1436 FRIDERIOUM,
2654 1357 2779 1437 qui,
2826 1354 3114 1436 quamvis

655 1462 658 1464 ’
774 1467 944 1531 esset
985 1459 1488 1529 modestissimus
1527 1465 1599 1523 et
1638 1478 1887 1524 summa
1915 1458 2304 1523 verecundia
2331 1465 2579 1541 patrem
2607 1463 3113 1541 prosequeretur,

773 1571 992 1629 tamen
1035 1561 1292 1643 saepius
1335 1561 1550 1641 etiam,
1595 1560 2021 1642 interrogatus
2066 1559 2220 1643 quid
2264 1560 2387 1625 sibi
2416 1560 2740 1625 videretur
2769 1567 3098 1643 praestare

774 1666 1051 1746 ingenue
1095 1664 1380 1728 elocutus
1425 1668 1541 1727 est.
1626 1662 1704 1726 In
1747 1662 2115 1727 universum
2158 1670 2373 1728 autem
2418 1661 2757 1727 dicendum
2801 1669 2918 1743 est,
2966 1661 3115 1726 deli-

773 1767 971 1832 tuisse
1036 1764 1219 1846 quasi
1283 1761 1596 1829 OAROLI
1660 1756 2106 1828 FRIDERICI
2177 1764 2473 1830 virtutem
2545 1763 2632 1828 ad
2694 1763 2858 1828 illud
2922 1783 3117 1845 usque

773 1876 1044 1951 tempus,
1091 1886 1214 1948 quo
1258 1866 1597 1948 repentina
1627 1863 1841 1930 Caroli
1868 1866 2140 1948 Augusti
2181 1887 2352 1932 mors
2394 1885 2664 1930 vacuam
2707 1865 2857 1931 fecit
2900 1865 3116 1931 sedem
3171 1901 3176 1904 -

775 1969 1102 2054 principis.
1176 1968 1427 2050 Nempe
1457 1986 1619 2048 quae
1647 1987 1820 2032 mors
1850 1968 2252 2051 optatissima
2295 1975 2393 2033 est
2419 1968 2626 2049 militi,
2674 1975 2742 2031 ut
2783 1966 3116 2032 infractum

776 2072 1019 2137 viribus
1062 2090 1143 2135 ex
1185 2069 1564 2152 improviso,
1621 2069 1806 2150 quasi
1859 2077 2238 2151 tempestate
2278 2077 2527 2152 coorta,
2586 2076 2651 2135 te
2707 2069 2989 2150 auferat,
3046 2089 3120 2134 ea

778 2190 947 2239 mors
1002 2172 1368 2237 felicissime
1421 2171 1686 2253 contigit
1745 2190 1899 2237 vere
1958 2173 2210 2253 parenti
2268 2180 2331 2237 et
2385 2172 2698 2237 conditori
2740 2171 2930 2236 huius
2975 2172 3119 2236 civi-

778 2276 959 2356 tatis,
1010 2274 1238 2339 Oarolo
1279 2274 1569 2354 Augusto
1587 2320 1604 2354 ,
1658 2278 1997 2355 postquam
2043 2273 2125 2338 de
2169 2273 2518 2340 Germania
2561 2282 2624 2339 et
2668 2274 2752 2339 de
2791 2273 3121 2356 republica

778 2384 998 2442 nostra
1040 2375 1480 2443 immortaliter
1521 2374 1784 2440 meritus
1827 2381 2017 2441 esset.
2088 2376 2433 2458 Extemplo
2462 2382 2797 2441 revocatus
2828 2396 2864 2441 e
2894 2378 3123 2442 Russia

782 2476 1169 2553 OAROLUS
1228 2475 1747 2543 FRIDERICUS
1766 2525 1782 2558 ,
1857 2495 1982 2557 quo
2044 2496 2186 2542 cum
2241 2477 2516 2541 MARIA
2574 2477 2964 2559 deverterat,
3040 2478 3122 2541 ad

780 2579 1191 2647 salutandum
1235 2579 1573 2644 Nicolaum
1615 2579 2096 2663 Imperatorem,
2142 2580 2446 2646 successit
2488 2580 2674 2678 patri.
2754 2581 2968 2662 Atque
3011 2581 3124 2646 tali

781 2683 1055 2766 principi
1098 2681 1442 2747 succedere
1485 2681 1927 2748 difficillimum
1971 2689 2126 2763 erat,
2171 2682 2514 2764 praecipue
2557 2683 2834 2748 sollicita
2866 2683 3124 2748 civitate

783 2783 1106 2849 desiderio
1145 2784 1494 2849 iustissimo
1538 2782 1751 2849 Caroli
1791 2783 2082 2866 Augusti.
2165 2782 2416 2866 Operae
2457 2785 2729 2867 pretium
2773 2793 2872 2850 est
2907 2792 3124 2850 'autem

782 2905 1277 2952 commemorare
1330 2884 1398 2950 id
1459 2884 1630 2967 quod
1689 2884 1998 2951 Goethius
2054 2886 2137 2952 de
2193 2885 2409 2951 Caroli
2460 2886 2757 2969 Augusti,
2820 2888 2929 2968 qui
2984 2887 3121 2967 sibi,

781 2996 850 3053 ut
892 2990 1032 3072 ipse
1076 2988 1358 3068 dixerat,
1407 2995 1471 3053 et
1514 3006 1666 3053 vere
1708 2988 2032 3069 Augustus
2075 2988 2193 3053 fuit
2236 2994 2300 3053 et
2342 2988 2731 3070 Maecenas,
2761 3008 3124 3054 successore

781 3097 915 3158 tum
959 3090 1152 3171 dixit,
1212 3109 1402 3171 quum
1447 3089 1736 3156 Zelterus
1781 3089 1864 3154 de
1906 3089 2097 3155 rebus
2139 3090 2648 3155 Vimariensibus
2692 3110 2773 3155 ex
2817 3109 2892 3155 eo
2938 3111 3124 3172 quae-

782 3192 1037 3258 sivisset
1090 3197 1237 3273 post
1290 3197 1560 3256 mortem
1604 3189 1816 3256 Caroli
1861 3191 2150 3273 Augusti.
2254 3192 2438 3273 „Ego
2495 3211 2648 3257 vero
2705 3193 2820 3270 (ita
2875 3193 3126 3276 scripsit

782 3294 869 3362 ad
924 3293 1268 3368 Zelterum)
1341 3313 1461 3374 ego
1517 3312 1669 3358 vero
1738 3312 2003 3372 censeo,
2077 3293 2290 3358 Caroli
2346 3294 2620 3375 Augusti
2672 3314 3122 3376 successorem,

784 3394 1024 3478 egregii
1094 3394 1295 3476 patris
1368 3395 1641 3476 vestigia
1710 3395 1819 3477 pie
1875 3395 2184 3461 lecturum
2242 3415 2416 3461 esse:
2493 3396 2659 3461 bene
2733 3396 2905 3462 enim
2977 3397 3125 3462 novi

783 3496 1166 3572 modestiam
1224 3496 1528 3578 principis
1588 3502 1651 3561 et
1707 3496 2198 3561 constantiam.“
2283 3496 2453 3562 Vere
2502 3504 2571 3561 tu
2613 3498 2997 3564 vaticinatus
3036 3519 3122 3580 eS,

782 3599 1160 3666 immortalis
1205 3597 1471 3664 Goethi!
1559 3599 1724 3662 Eum
1781 3599 1951 3662 enim
1994 3605 2230 3663 statum
2284 3619 2495 3664 rerum
2510 3647 2527 3680 ,
2584 3600 2691 3681 qui
2735 3601 2852 3665 sub
2901 3600 3125 3665 Oarolo

785 3703 1071 3783 Augusto
1131 3699 1367 3780 fuerat,
1442 3706 1626 3764 tanta
1689 3700 1932 3782 pietate
2002 3707 2306 3781 tantaque
2361 3701 2749 3767 verecundia
2804 3703 3128 3768 continere

785 3800 1028 3870 studuit
1069 3822 1274 3866 novus
1316 3801 1643 3884 princeps,
1700 3808 1771 3866 ut,
1811 3802 2095 3885 patemis
2139 3802 2478 3867 virtutibus
2510 3802 2846 3890 ‚videretur
2887 3805 3127 3870 similli-

785 3923 925 3970 mus
986 3921 1146 3968 esse.
1234 3904 1460 3984 Neque
1517 3903 1828 3970 minorem
1887 3924 2105 3969 curam
2120 3952 2136 3985 ,
2213 3923 2407 3986 quam
2471 3904 2714 3970 civitati
2781 3905 3124 3988 dicaverat,

784 4004 1158 4074 academiae
1201 4011 1458 4071 nostrae
1500 4005 1812 4086 adhibuit,
1859 4025 2051 4086 quum
2085 4012 2293 4070 rector
2333 4026 2376 4069 a
2417 4005 2604 4071 nobis
2648 4013 2898 4072 creatus
2942 4016 3125 4074 esset.

788 4106 929 4186 Qua
971 4113 1186 4173 autem
1227 4106 1476 4172 ratione
1517 4106 1586 4171 id
1629 4106 1984 4190 perfecerit,
2031 4112 2279 4171 constat
2319 4108 2489 4172 inter
2528 4128 2751 4173 omnes
2783 4114 2847 4173 et
2875 4110 3129 4175 uberius

787 4227 992 4291 nuper
1050 4229 1091 4272 a
1145 4228 1249 4274 me
1298 4207 1443 4291 *ipso
1470 4271 1476 4278 .
1500 4208 1630 4273 alio
1685 4209 1827 4276 loco
1884 4228 2100 4276 coram
2153 4208 2383 4276 iisdem
2440 4209 2837 4275 auditoribus
2895 4210 3130 4277 dictum

727 4334 731 4338 ¹
787 4315 917 4391 est,
977 4330 1168 4390 quum
1212 4309 1490 4375 viventis
1540 4308 1772 4380 festum
1816 4311 2146 4376 saeculare
2190 4311 2692 4376 celebrabamus.
2779 4312 2927 4378 Non
2974 4332 3132 4397 opus
