3499 5219
1260 450 1392 457 -—-
1485 415 1605 477 195
1695 448 1825 454 —-

1216 577 1445 642 01³0:
1451 582 1577 640 TA
1580 580 1637 639 Σ

1212 682 1589 743 ΓΛΣΤΛΣ
1628 682 1776 761 [ῙΛ]

1210 781 1770 845 ΡΛΣΤΩΝΣΥΝ

1187 969 1192 974 .
1219 884 1864 965 eYTAmNTJAN

1212 984 1887 1066 ΜΩΣΛ[ΝΤΩ]ΝΕΙ

1095 1089 1104 1098 ·
1209 1087 1664 1153 ΣῙΟΔΕῙΩΝ.
1681 1092 1723 1167 ¹)

364 1223 575 1289 Aliter
616 1226 839 1308 paullo
880 1226 1040 1309 legit
1083 1232 1147 1292 et
1188 1226 1515 1309 supplevit
1556 1227 1867 1309 Rangabe
1900 1226 2262 1309 Antiquites
2303 1227 2715 1311 helleniques

368 1331 542 1391 tomo
586 1327 671 1392 II.
719 1325 891 1393 edito
942 1330 1102 1393 1855
1147 1347 1210 1411 p.
1248 1331 1406 1393 587:

878 1459 1293 1524 ΟΡΟΣΓΛΣ
1331 1456 1498 1541 [ὅρος
1536 1456 1761 1540 πάσας]

879 1565 938 1624 Γ
929 1560 1557 1624 ΛΣΤΛΣΤΩΝΣΕ
1595 1566 1728 1644 [γᾶς
1769 1567 1881 1634 τᾶς
1921 1567 2045 1625 τῶν
2085 1586 2188 1626 σε-

873 1661 1315 1726 ΒΛΣΤΩΝΣ
1354 1667 1628 1742 [βαστῶν
1668 1687 1821 1726 συν-

880 1762 1479 1827 ΘΥΤΛΩΝΤΛΜ
1524 1762 1805 1845 [θυτάων
1830 1771 1958 1845 τᾶμ

873 1866 1374 1930 ΜΩΣᾹΩΝΕΙ
1411 1866 1737 1947 [Μωσάων
1777 1864 1890 1928 Εἶ-

872 1967 1315 2032 ΣῙΟΔΕΙΩΝ
1350 1969 1652 2050 modelam]

363 2105 695 2189 Negleetis
750 2104 943 2188 igitur
994 2105 1074 2171 iis
1118 2125 1283 2188 quae
1324 2106 1536 2171 minus
1578 2112 1751 2172 reete
1791 2106 2029 2189 legisse
2072 2107 2325 2174 videtur
2365 2110 2711 2192 Rangabes

363 2215 536 2273 totus
579 2207 799 2272 titulus
842 2209 933 2273 sic
974 2207 1230 2273 videtur
1271 2206 1703 2274 restituendus
1746 2225 1920 2273 esse:

755 2335 901 2422 ὅρος
943 2346 1055 2413 τᾶς
1094 2347 1210 2423 γᾶς
1250 2348 1365 2415 τᾶς
1405 2339 1572 2421 ἱερᾶς
1612 2348 1736 2404 τῶν
1778 2339 2152 2403 συνθυτάων
2191 2348 2321 2422 τᾶμ

754 2427 1008 2488 Μωσᾶν
1044 2432 1162 2494 τᾶν
1205 2427 1574 2491 Αἲσιοδείων

363 2560 665 2629 Formam
722 2562 894 2629 enim
949 2560 1283 2641 Αἰσίοδος
1337 2583 1455 2650 pro
1503 2556 1814 2639 Ἡσίοδος
1866 2562 2250 2630 Boeotorum
2293 2564 2708 2633 Aeolensium

365 2683 507 2731 esse
548 2670 818 2731 testatus
861 2671 961 2731 est
986 2666 1409 2751 Etymologus
1435 2667 1522 2732 Μ.
1566 2686 1630 2750 p.
1664 2669 1809 2746 452,
1844 2668 1945 2731 36.
1990 2657 2128 2729 ἀλλ’
2179 2663 2324 2730 ἰδοὺ
2368 2664 2446 2730 τὸ
2481 2660 2707 2732 Ἡσίο-

366 2765 481 2843 δος
539 2766 647 2830 καὶ
706 2759 980 2852 ἡμίονος
1020 2764 1356 2844 Αἷσίοδος
1409 2770 1518 2832 καὶ
1578 2764 1879 2849 αἰμίονος
1924 2763 2222 2848 λέγουσιν
2268 2766 2358 2846 (οἱ
2400 2767 2708 2846 Αἰολεῖς)

364 2887 634 2951 eamque
687 2867 957 2933 formam
1013 2869 1362 2953 antiquitus
1402 2869 1472 2934 in
1513 2889 1584 2935 re
1627 2888 1813 2934 sacra
1852 2866 2154 2933 traditam
2197 2872 2468 2951 posteris
2513 2872 2707 2937 etiam

362 2968 758 3053 temporibus
801 2978 1245 3037 conservatam
1289 2990 1433 3038 esse
1490 2969 1830 3054 probabile
1887 2975 2030 3051 est,.
2073 2969 2156 3036 de
2214 2989 2340 3052 qua
2394 2991 2465 3037 re
2521 2972 2712 3038 aliter

363 3069 517 3135 olim
560 3070 841 3136 iudicavi
882 3072 1099 3137 Praes.
1144 3070 1232 3137 ad
1272 3070 1625 3138 Hesiodum
1667 3090 1731 3154 p.
1776 3070 1997 3136 XXII.
2043 3069 2145 3136 ed.
2190 3070 2277 3135 H.

532 3171 849 3239 Videntur
902 3180 1117 3239 autem
1172 3173 1399 3240 Musae
1452 3171 1786 3239 hesiodiae
1857 3190 2000 3238 esse
2065 3190 2184 3238 eae
2198 3219 2215 3254 ‚
2291 3191 2457 3255 quae
2511 3174 2709 3257 vulgo

365 3273 743 3341 dicebantur
794 3273 1250 3342 Helieoniades
1265 3323 1282 3358 ‚
1359 3274 1588 3358 quibus
1644 3272 2079 3357 Thespienses
2142 3293 2324 3340 sacra
2385 3273 2709 3341 faciebant

362 3377 454 3442 sic
509 3375 684 3442 dicta
737 3377 964 3442 Musea
1021 3377 1233 3454 (Paus.
1275 3375 1396 3441 IX.
1441 3377 1604 3460 31.);
1677 3374 1766 3440 ad
1821 3375 1984 3441 haec
2040 3374 2467 3459 Thespiensia
2522 3395 2709 3443 sacra

360 3477 688 3562 pertinent
728 3476 898 3542 tituli
938 3477 1007 3542 in
1053 3476 1241 3562 Oorp.
1284 3478 1483 3544 Inser.
1527 3477 1610 3542 N.
1661 3479 1824 3542 1585
1869 3495 1963 3559 sq.
2030 3477 2259 3542 Dictae
2300 3484 2449 3543 sunt
2491 3486 2707 3545 autem

359 3579 585 3645 Musae
641 3576 974 3645 hesiodiae
1031 3586 1100 3644 ut
1154 3581 1378 3646 Musae
1432 3578 1797 3646 homericae
1855 3570 2215 3663 (Ὁμηρίδες
2256 3579 2561 3658 Μοῦσαι)
2620 3582 2706 3647 ab

360 3681 596 3747 Nonno
652 3679 845 3745 Dion.
889 3679 1189 3764 XXXII,
1254 3684 1395 3747 183.
1484 3681 1709 3747 Musae
1765 3679 1958 3763 igitur
2013 3679 2346 3747 hesiodiae
2401 3681 2709 3751 tutelares

362 3781 525 3848 deae
566 3781 765 3848 fuisse
806 3781 1107 3849 videntur
1149 3781 1447 3848 carminis
1490 3780 1656 3866 epici
1700 3780 2001 3848 didactici
2015 3829 2034 3863 ,
2089 3781 2268 3847 cuius
2310 3783 2494 3866 quasi
2535 3784 2709 3868 prin-

357 3903 513 3968 ceps
554 3882 875 3949 Hesiodus
916 3883 1036 3949 fuit
1076 3884 1145 3950 in
1188 3883 1479 3951 Graecia.

531 3985 718 4051 Nunc
762 3990 977 4051 autem
1020 4005 1284 4070 pergam
1326 3986 1395 4051 in
1439 3983 1821 4068 colligendis
1863 3983 2129 4050 Hesiodi
2169 3983 2562 4069 fragmentis.

497 4289 531 4348 ¹)
568 4290 759 4339 Iterum
794 4290 1035 4338 tractavit
1069 4289 1198 4338 hanc
1235 4288 1459 4339 tabulam
1494 4288 1547 4338 C.
1572 4288 1775 4340 Keilius
1811 4290 1865 4338 in
1903 4289 2169 4354 Philologo
2206 4289 2261 4340 Τ.
2288 4286 2449 4350 XXV,
2485 4288 2605 4341 suc.
2629 4291 2701 4341 11.

355 4390 406 4439 p.
446 4376 562 4425 231.

2199 4458 2294 4509 18*
