3499 5219
1664 435 2194 497 —24—

923 601 1136 667 Etiam
1191 602 1475 667 carmina
1529 601 1844 685 quaedam
1888 600 1957 665 O.
2003 599 2295 665 Bruschii
2308 648 2324 681 ,
2397 601 2550 665 item
2604 599 2824 684 paullo
2869 605 3015 682 post
3053 619 3098 664 a

755 701 986 769 Oarolo
1015 704 1074 769 V
1117 705 1419 786 coronati,
1466 703 1552 768 ad
1581 703 1916 787 Stigelium
1960 704 2084 768 huc
2128 703 2468 786 pertinent,
2516 721 2680 784 quae
2723 699 2810 766 ad
2852 702 3095 766 calcem

752 805 942 871 huius
985 805 1536 871 commentationis
1578 806 1818 871 reicere
1861 805 2060 869 malui
2102 824 2292 887 quam
2344 804 2450 869 hic
2502 804 2805 870 inserere.
2895 803 3099 885 Stige-

754 907 878 972 lius
932 907 1126 989 igitur
1181 927 1546 990 quanquam
1601 909 1909 973 honorem
1966 907 2228 972 laureae
2283 926 2426 971 cum
2483 906 2628 971 aliis
2672 905 2887 970 multis
2930 924 3099 969 com·

754 1028 1011 1074 munem
1052 1009 1295 1091 habuit,
1339 1009 1582 1093 primus
1624 1016 1843 1075 tamen
1870 1008 2006 1089 fuit,
2053 1007 2225 1090 quod
2257 1008 2474 1090 sciam,
2521 1009 2629 1090 qui
2655 1007 2824 1073 inter
2853 1007 3100 1089 equites

754 1112 942 1177 simul
984 1112 1304 1193 legeretur
1347 1117 1411 1177 et
1452 1111 1643 1195 clipei
1685 1110 2045 1192 insignibus
2077 1109 2480 1175 decoraretur
2508 1110 2591 1175 ab
2622 1110 3034 1193 Imperatore.
3051 1110 3096 1184 ¹)

756 1211 1018 1279 Comitis
1060 1212 1342 1277 Palatini
1387 1213 1762 1296 dignitatem
1805 1232 1936 1277 non
1980 1211 2228 1295 accepit
2271 1211 2592 1293 Stigelius.

925 1313 1194 1379 Silentio
1237 1335 1367 1380 non
1411 1322 1510 1380 est
1550 1312 2088 1399 praetereundum
2132 1312 2304 1396 quod
2335 1312 2564 1379 iisdem
2593 1311 2862 1377 comitiis
2891 1309 3099 1376 Ratis-

754 1415 1147 1481 bonensibus
1188 1415 1454 1483 Carolus
1484 1416 1560 1481 V.
1605 1417 1882 1481 honores
1909 1416 2149 1482 Poetae
2177 1415 2478 1481 Laureati
2507 1420 2573 1479 et
2601 1413 2862 1479 Comitis
2889 1412 3100 1477 Aulae
3135 1437 3139 1440 ⁴

757 1504 1039 1593 (Palatii)
1083 1518 1566 1599 Lateranensis,
1615 1517 1844 1599 quibus
1886 1517 2314 1601 Hieronymus
2357 1515 2685 1581 Aleander
2698 1564 2714 1597 ,
2761 1516 3101 1599 episcopus

753 1617 1217 1700 Brundusinus,
1264 1619 1607 1701 Georgium
1650 1620 1962 1685 Sabinum
1989 1619 2068 1684 A.
2100 1619 2550 1686 MDXXXIII.
2584 1616 2871 1684 Venetiis
2915 1635 3101 1681 orna·

753 1726 955 1802 verat,
1002 1719 1231 1785 dicitur
1274 1719 1698 1787 confirmasse.
1714 1721 1761 1797 2)
1821 1721 2053 1786 Missus
2097 1727 2235 1786 erat
2264 1720 2559 1802 Sabinus,
2606 1727 2739 1785 tum
2781 1719 3102 1804 professor

754 1821 1314 1903 Francofurtanus,
1362 1820 1447 1885 ad
1490 1823 1745 1887 comitia
1788 1822 2285 1888 Ratisbonensia
2327 1823 2410 1888 ab
2456 1823 2780 1888 Ioachimo
2818 1819 3101 1886 Brande-

754 1922 1077 2006 burgensi.
1142 1923 1371 1988 Mirum
1416 1931 1585 1990 esset
1626 1923 1893 1989 Hutteni
1935 1923 2374 1989 adversarium
2415 1918 2833 2005 Alcandrum',
2881 1922 2989 2005 qui
3030 1922 3100 1986 in

755 2025 1025 2092 comitiis
1066 2025 1640 2090 Wormatiensibus
1683 2026 2031 2091 Lutherum
2076 2025 2400 2090 confutare
2444 2032 2710 2091 conatus
2754 2032 2891 2090 erat
2941 2023 3102 2089 eius-

755 2146 881 2210 que
922 2127 1120 2192 libros
1161 2127 1418 2210 publice
1460 2127 1725 2192 cremari
1769 2134 2132 2209 curaverat,
2178 2147 2348 2192 nunc
2391 2128 2699 2192 Sabinum
2716 2175 2733 2208 ,
2779 2126 3105 2191 Melanch-

755 2228 971 2293 thonis
1020 2227 1409 2312 discipulum
1465 2235 1529 2294 et
1580 2229 1962 2294 familiarem
2020 2235 2248 2311 postea
2313 2229 2507 2294 etiam
2576 2248 2881 2312 generum
2895 2277 2912 2310 ,
2986 2227 3103 2292 tali

756 2330 999 2396 honore
1042 2328 1294 2396 afficere
1335 2330 1650 2413 potuisse,
1698 2330 2135 2412 Sabinumque
2178 2348 2288 2395 eos
2330 2330 2606 2395 honores
2649 2331 2975 2413 accepisse
3017 2329 3100 2393 ab

755 2431 1014 2497 inimico
1057 2431 1551 2513 reformationis,
1610 2432 1736 2496 nisi
1780 2451 1855 2496 eo
1902 2439 2190 2516 tempore
2232 2432 2528 2496 catholici
2578 2432 2900 2516 principes
2958 2431 3104 2495 doc-

757 2533 1039 2599 tissimos
1084 2552 1398 2617 quosque,
1456 2533 1722 2599 iuvenes
1765 2534 2087 2619 inprimis,
2142 2531 2265 2600 sibi
2308 2534 2648 2599 conciliare
2690 2532 3098 2614 studuissent,

755 2636 1023 2719 ipseque
1096 2635 1374 2701 Sabinus
1446 2636 1835 2703 adulationis
1905 2637 2128 2701 fuisset
2197 2637 2391 2719 longe
2465 2637 2932 2720 cupidissimus.
3016 2635 3103 2700 At

757 2738 958 2802 multo
1028 2738 1233 2819 magis
1302 2737 1598 2803 mirabile
1667 2738 1921 2804 videtur
1975 2757 2116 2804 esse
2132 2786 2149 2820 ,
2226 2737 2397 2821 quod
2454 2738 2692 2804 Caesar
2748 2739 2856 2820 qui
2910 2744 3106 2803 antea

757 2839 1048 2921 Toxitae,
1095 2857 1265 2903 nunc
1309 2838 1574 2921 Stigelio
1621 2846 1684 2904 et
1726 2840 1988 2923 Sabin0,
2041 2847 2268 2924 postea
2310 2840 2504 2904 etiam
2547 2839 2872 2905 Sastrovio
2917 2839 3101 2921 adeo,

757 2942 1012 3025 poetica
1055 2947 1432 3005 ornamenta
1474 2941 1779 3024 attribuit,
1825 2963 2081 3026 prorsus
2125 2942 2457 3007 immemor
2500 2941 2616 3006 fuit
2642 2941 2816 3007 Helii
2850 2941 3103 3006 Eobani

757 3042 980 3125 Hessi,
1045 3043 1153 3124 qui
1204 3041 1467 3124 ingenio
1522 3051 1809 3127 praestat
1850 3046 2144 3111 omnibus
2187 3044 2287 3110 his
2330 3044 2555 3127 poetis.
2644 3043 2775 3109 Sed
2816 3040 3107 3108 animad-

760 3279 976 3345 pictoris
1026 3280 1236 3344 ingenio
1283 3295 1342 3329 ac
1387 3296 1540 3329 manu
1586 3280 1789 3346 depicta
1826 3280 1881 3329 in
1916 3279 2081 3330 medio
2117 3280 2294 3329 harum
2327 3278 2614 3329 litterarum
2648 3284 2973 3333 cernuntur.“
3040 3278 3103 3330 V.

758 3366 997 3414 Poemata
1044 3365 1105 3415 G.
1144 3363 1327 3415 Sabini
1375 3364 1452 3416 ed.
1486 3364 1629 3429 Lips.
1772 3365 1806 3420 ¹)
1844 3365 1929 3414 Sic
1976 3365 2259 3430 Imperator
2309 3363 2565 3414 Romanus
2617 3364 2679 3413 ad
2732 3381 2892 3414 mores
2944 3363 3104 3414 seculi

759 3448 900 3499 tertii
936 3448 1115 3499 decimi
1156 3449 1520 3514 quodammodo
1556 3466 1608 3499 se
1642 3450 1927 3512 revocavit,
1977 3449 2162 3513 quibus
2196 3452 2349 3515 poeta
2383 3448 2666 3514 discipulus
2700 3464 2730 3498 a
2763 3453 2913 3514 poeta
2960 3464 3103 3513 prae·

760 3537 963 3598 ceptorc
1011 3535 1214 3600 clipeum
1256 3536 1499 3600 poeticum
1546 3532 1848 3599 accipiebat.
1916 3534 1979 3588 V.
2015 3534 2322 3585 Koberstein
2368 3533 2403 3583 1.
2439 3533 2473 3582 L
2525 3549 2575 3598 p.
2627 3534 2736 3586 162.
2785 3533 2832 3582 d.
2969 3535 3021 3597 2)
3057 3533 3106 3583 V

758 3616 941 3668 Melch.
996 3618 1170 3669 Adam.
1222 3623 1273 3668 et
1319 3619 1589 3669 Lotichius
1639 3618 1774 3669 Bibl.
1825 3622 1956 3683 poet.
2004 3618 2038 3668 l.
2089 3636 2139 3685 p.
2178 3621 2259 3670 54.
2332 3619 2431 3667 Sed
2478 3619 2612 3668 inter
2647 3617 2827 3668 Sabini
2864 3618 3107 3684 epistolas

758 3703 1016 3764 (Poemata
1051 3704 1111 3752 G.
1150 3703 1344 3753 Sabini.
1382 3704 1526 3769 Lips.
1567 3706 1734 3778 1553.)
1771 3709 1847 3754 est
1882 3704 2034 3754 etiam
2069 3708 2230 3753 totum
2266 3702 2437 3753 Caroli
2463 3703 2523 3753 V.
2560 3702 2785 3768 diploma
2822 3720 2922 3768 quo
2945 3704 3106 3752 XIIII

757 3786 855 3837 Iul.
893 3790 950 3836 A.
994 3789 1117 3839 1541
1158 3786 1467 3839 Ratisbonae
1504 3788 1725 3839 nobilem
1762 3788 2036 3838 declaravit
2061 3788 2333 3851 Sabinum3
2384 3792 2438 3837 at
2473 3788 2625 3853 plane
2674 3787 2809 3838 nihil
2855 3786 2930 3838 ibi
2977 3788 3103 3853 legi-

759 3875 846 3922 tur
902 3871 962 3922 de
1011 3871 1206 3923 Comite
1258 3871 1510 3925 Palatino,
1580 3872 1759 3922 Nihilo
1817 3874 1986 3923 minus
2040 3877 2207 3924 tamen
2263 3874 2506 3922 Ioannem
2558 3872 2883 3923 Schosserum
2906 3911 2912 3923 .
2933 3872 3106 3923 laurea

759 3957 963 4022 poetica
997 3960 1049 4006 et
1083 3959 1354 4025 insignibus
1389 3960 1659 4010 nobilitatis
1693 3960 1891 4008 ornavit
1926 3959 1987 4010 G.
2007 3956 2241 4020 Sabinus,
2278 3958 2410 4022 quod
2448 3958 2495 4006 ci
2525 3956 2733 4007 minime
2754 3958 2907 4008 licuit
2942 3958 3104 4023 (Eleg.

755 4040 849 4107 VI,
888 4042 967 4093 18.
1005 4040 1067 4090 cf.
1103 4042 1232 4106 Stig.
1268 4058 1431 4107 poem.
1469 4043 1526 4095 T.
1562 4044 1605 4096 Ι.
1639 4043 1674 4095 f.
1714 4045 1813 4096 430
1851 4047 1933 4104 v.),
1974 4042 2050 4092 vel
2087 4043 2130 4092 si
2167 4042 2348 4092 fuisset
2384 4041 2436 4091 C.
2474 4042 2582 4093 Pal.
2620 4041 2758 4092 Caes.
2832 4044 3107 4093 Enimvero

758 4141 912 4191 quam
961 4126 1092 4175 male
1142 4127 1346 4177 cesserit
1396 4127 1483 4176 hic
1534 4127 1913 4190 „nobilitandi⁴‘
1962 4128 2191 4192 pruritus
2242 4127 2520 4177 Nicodemo
2569 4127 2883 4189 Frischlino‚
2934 4145 3105 4193 quum,

760 4210 974 4261 Comitis
1008 4210 1234 4261 Palatini
1269 4216 1517 4276 potestate
1551 4228 1689 4273 usum
1725 4212 2053 4279 corydonium
2088 4216 2242 4277 caput
2276 4211 2593 4263 stolidissimi
2628 4212 2847 4262 alicuius
2884 4214 3108 4278 pastoris

756 4295 1213 4363 „nobilitasset“‚
1278 4295 1590 4361 lepidissime
1646 4296 1916 4363 descripsit
1965 4298 2026 4349 D.
2079 4298 2162 4347 Fr.
2218 4298 2503 4348 Straussius
2556 4298 2662 4347 vita
2711 4297 2777 4346 N.
2828 4297 3107 4348 Frischlini

757 4396 810 4446 p.
850 4383 930 4434 99.
