3499 5219
1708 391 2216 450 —44—

800 560 992 625 minis
1045 560 1484 624 auctoritatem
1538 558 1609 623 in
1663 558 1931 624 historia
1984 557 2139 622 artis
2192 575 2399 639 nuper
2452 553 2796 638 diligenter
2836 555 3152 640 'exposuit

800 660 947 727 Chr.
992 661 1485 743 Schuchardtus,
1503 663 1545 738 ¹)
1590 662 1918 743 multaque
1961 660 2091 724 alia
2134 659 2437 724 carmina.
2452 659 2496 736 ²)

968 763 1386 843 Quantumvis
1429 771 1644 828 autem
1685 763 1756 827 in
1798 763 2024 828 ceteris
2067 761 2309 826 artibus
2351 759 2729 825 liberalibus
2786 759 3141 844 profecerit,

797 867 1174 950 praecelluit
1231 872 1448 931 tamen
1504 866 1754 949 poetico
1808 865 2088 947 ingeni0.
2192 861 2379 942 Quod
2435 862 2490 927 si
2551 861 2773 927 dixero
2841 861 3144 929 laudasse

795 969 1145 1033 Lutherum
1160 1017 1176 1050 ,
1193 967 1237 1045 ³)
1283 967 1843 1033 Melanchthonem
1859 1016 1875 1048 ,
1892 968 1938 1044 ⁴)
1982 967 2034 1030 Ι.
2084 963 2153 1030 Ο.
2200 964 2595 1046 Scaligerum
2608 1012 2624 1045 ,
2678 963 2758 1028 H.
2802 964 3142 1029 Eobanum

797 1071 1091 1152 Bessum,
1136 1070 1351 1135 Ioach.
1384 1068 1832 1150 Camerarium,
1850 1071 1894 1146 ⁵)
1940 1068 2017 1134 Gr.
2051 1067 2379 1148 Sabinum,
2424 1068 2496 1131 P.
2528 1065 2906 1148 Lotichium,
2953 1086 3141 1132 nemo

793 1172 986 1238 facile
1048 1173 1412 1254 negaverit,
1488 1172 1825 1254 Stigelium
1897 1177 2153 1254 poetam
2225 1169 2317 1233 ita
2387 1169 2706 1251 placuisse
2778 1169 3142 1250 aequalium

795 1294 1050 1340 suorum
1095 1275 1349 1357 optimis
1393 1279 1457 1339 et
1500 1273 1883 1339 doctissimis
1926 1273 2110 1353 viris,
2169 1277 2237 1335 ut
2280 1271 2475 1354 plane
2519 1268 2645 1334 dici
2693 1271 2896 1352 possit
2949 1277 3144 1353 poeta

794 1375 1264 1441 reformationis
1335 1376 1603 1459 latinus;
1676 1375 1839 1440 nihil
1914 1381 2010 1440 est
2083 1374 2252 1439 enim
2326 1378 2536 1437 actum
2606 1372 2714 1436 vel
2778 1391 2978 1453 grave
3032 1373 3142 1437 vel

794 1476 1185 1543 salutiferum
1228 1478 1726 1560 protestantibus
1771 1476 1941 1559 quod
1984 1497 2115 1541 non
2158 1475 2544 1540 celebrasset
2586 1474 2801 1554 aliquo
2858 1473 3142 1539 carmine

796 1578 1117 1661 Stigelius.
1185 1580 1479 1645 Praestat
1521 1585 1734 1643 autem
1781 1579 2038 1643 omnino
2081 1579 2151 1642 in
2193 1595 2428 1659 genere
2472 1575 2726 1658 elwine,
2770 1575 2839 1638 in
2883 1594 3007 1657 quo
3052 1574 3139 1639 ad

796 1678 1010 1745 Ovidii
1051 1700 1349 1745 numeros
1391 1680 1660 1745 feliciter
1703 1700 1775 1745 se
1819 1680 2157 1764 applicuit,
2221 1679 2290 1743 in
2335 1678 2563 1761 (30109ιὶ5-
2605 1697 2737 1740 non
2785 1677 3141 1742 insuaviter

794 1782 1076 1847 imitatus
1151 1790 1246 1848 est
1322 1782 1678 1864 Virgilium,
1752 1783 1822 1847 in
1892 1781 2313 1845 subterraneis
2380 1779 2776 1860 Lucretium,
2850 1778 2920 1843 in
2991 1779 3136 1843 aliis

794 1883 1172 1957 Huttenum3
1248 1903 1457 1965 neque
1526 1885 1927 1966 ineleganter
1998 1884 2259 1948 Homeri
2331 1880 2662 1965 Odysseae
2732 1881 2964 1945 librum
3035 1880 3137 1946 XI

791 1984 994 2049 latine
1048 1985 1389 2066 convertit,
1464 2005 1828 2068 quanquam
1883 1986 1951 2050 in
2005 1985 2272 2050 scientia
2333 2003 2604 2065 graecae
2672 1982 2934 2065 linguae
3004 2004 3136 2069 non

793 2105 997 2167 aeque
1037 2093 1328 2151 versatus
1373 2093 1509 2152 erat
1552 2094 1742 2168 atque
1786 2088 1854 2152 in
1904 2089 2167 2152 latinae.
2257 2085 2588 2170 Odysseae
2643 2085 2808 2150 liber
2860 2086 3134 2168 primum

791 2186 1029 2269 prodiit
1056 2187 1442 2269 Vitebergae
1484 2190 1562 2254 A.
1593 2189 1970 2266 MDXLV.⁶)
2033 2190 2243 2254 Minus
2285 2187 2544 2271 probari
2584 2187 2804 2249 melica
2846 2193 3131 2270 possunt,

791 2288 962 2370 quod
1004 2289 1295 2372 inprimis
1340 2290 1812 2356 demonstratur
1856 2290 2267 2373 epithalamio
2312 2289 2397 2354 ad
2429 2289 2504 2353 Gr.
2537 2288 2847 2354 Sabinum
2878 2289 3130 2372 scripto,

791 2410 994 2473 eoque
1035 2391 1199 2456 iusto
1242 2392 1550 2473 longiore.
1636 2392 2155 2474 Promptissimus
2199 2398 2410 2457 autem
2456 2398 2592 2456 erat
2634 2390 2719 2455 ad
2771 2409 2993 2455 versus
3049 2411 3133 2456 ex

788 2498 1075 2575 tempore
1117 2493 1581 2575 procudendos‚
1630 2495 1853 2575 quales
1897 2501 2044 2559 sunt
2086 2496 2162 2559 T.
2192 2494 2245 2558 Ι.
2290 2492 2333 2556 f.
2367 2497 2468 2558 60.
2516 2496 2658 2556 220.
2706 2492 2838 2556 alii.
2918 2493 3133 2558 Vnum

789 2595 1153 2676 exemplum
1214 2600 1550 2677 praeterea
1607 2616 1688 2661 ex
1731 2596 1808 2661 A.
1853 2596 2064 2662 Beieri
2117 2595 2345 2661 notitia
2356 2595 2401 2673 ⁷)
2457 2593 2807 2678 proferam,
2885 2594 2989 2677 qui
3049 2615 3133 2660 ex

750 2693 1070 2760 ‘Frantzii
1113 2696 1346 2761 Histor.
1392 2697 1603 2762 Anim.
1650 2718 1702 2762 c.
1749 2701 1809 2762 9.
1855 2719 1917 2781 p.
1966 2702 2108 2763 392.
2157 2701 2298 2763 393.
2345 2697 2651 2779 sublegit:
2698 2696 2952 2779 „Quum
2985 2697 3132 2761 Phi-

784 2798 1001 2880 lippus
1029 2798 1486 2863 Melanchthon
1527 2799 1762 2864 multos
1805 2806 2030 2882 poetas
2074 2800 2367 2865 convivio
2404 2799 2727 2882 exciperet
2755 2806 2819 2863 et
2845 2806 3130 2864 assatum

785 2918 1077 2964 anserem
1132 2906 1548 2983 proponeret,
1622 2902 1715 2965 ita
1768 2902 1935 2966 inter
1987 2902 2163 2986 ipsos
2217 2902 2515 2967 convenit
2571 2907 2641 2965 ut
2694 2901 2809 2965 ille
2861 2901 3130 2965 haberet

784 3006 1165 3085 potestatem
1211 3001 1474 3066 secandi
1519 3009 1582 3069 et
1626 3003 2047 3069 distribuendi
2090 3023 2404 3085 anserem,
2451 3003 2559 3085 qui
2591 3002 2832 3085 primus
2862 3023 2943 3068 ex
2970 3003 3129 3085 ipsis

786 3102 869 3168 de
910 3122 1138 3167 ansere
1180 3110 1394 3168 assato
1439 3123 1519 3169 ex
1561 3110 1848 3188 tempore
1891 3112 2298 3188 componeret
2338 3125 2613 3186 versum,
2667 3104 2881 3169 statim
2924 3103 3128 3185 Stige-

781 3204 907 3269 lius
949 3204 1119 3268 hunc
1161 3206 1502 3287 protulisse
1542 3206 1800 3271 dicitur:

918 3407 953 3469 ¹)
1006 3406 1173 3456 Lucas
1248 3406 1478 3458 Cranach
1548 3408 1633 3458 des
1703 3409 1895 3459 alteren
1966 3409 2152 3460 Werke
2220 3408 2277 3459 T.
2334 3410 2377 3459 Ι.
2434 3424 2487 3473 p.
2539 3410 2620 3460 97.
2710 3410 2772 3458 In
2830 3424 2889 3458 eo
2956 3412 3123 3457 tamen

782 3491 983 3542 fallitur
1047 3493 1424 3543 Schuchardtus
1494 3493 1629 3557 quod
1704 3495 1943 3558 opinatur
2008 3493 2280 3544 Cranachii
2357 3495 2493 3544 hunc
2562 3494 2723 3543 filiurn
2797 3509 2828 3543 a
2907 3492 3122 3557 Stigelio

781 3577 975 3626 dictum
1035 3594 1141 3627 esse
1201 3578 1465 3628 Iohannem
1525 3579 1788 3640 Lucam,
1872 3595 2028 3643 quum
2087 3579 2257 3629 Lucae
2329 3580 2585 3643 genitivus
2655 3580 2712 3628 in
2786 3577 3121 3642 inscriptione

782 3661 1019 3711 carminis
1089 3662 1363 3726 Stigeliani
1431 3663 1686 3727 pertineat
1755 3663 1818 3713 ad
1887 3650 2083 3729 patrem
2152 3662 2508 3714 Cranachium.
2603 3664 2774 3713 Habet
2841 3664 2977 3713 enim
3044 3664 3123 3713 ita

781 3745 859 3809 (Τ.
914 3746 1012 3796 ΠΙ.
1083 3747 1117 3797 f.
1174 3749 1305 3810 76.):
1389 3748 1449 3796 In
1519 3759 1758 3798 maturum
1827 3750 2002 3799 obitum
2070 3748 2336 3809 Iohannis,
2405 3747 2573 3799 Lucae
2626 3749 2763 3811 filii,
2840 3749 3119 3799 cranao-hii.

778 3831 815 3890 ²)
854 3829 930 3880 Cf.
967 3830 1024 3882 T.
1061 3832 1103 3882 Ι.
1138 3831 1173 3881 f.
1210 3834 1310 3883 394
1345 3848 1390 3882 V.
1440 3833 1496 3882 in
1545 3832 1834 3898 pelicanum
1880 3833 2015 3896 regis
2061 3832 2313 3896 Alphonsi
2361 3849 2392 3882 a
2436 3833 2498 3883 L.
2536 3832 2817 3882 Cranachio
2864 3831 3121 3896 depictum

777 3914 1104 3981 Vitebergae,
1159 3921 1208 3966 et
1253 3916 1309 3965 in
1355 3917 1609 3981 picturam
1644 3917 2126 3968 Francofurdianam
2177 3917 2394 3981 virginis
2439 3918 2788 3967 connectentis
2836 3921 3021 3966 sertum
3059 3931 3120 3965 ex

776 4000 986 4050 floribus
1015 3999 1068 4066 je
1102 4001 1280 4065 langer-
1309 4001 1361 4068 je
1396 4002 1570 4064 lieber,
1608 4004 1741 4067 quod
1777 4000 1973 4067 prodiit
2005 4000 2224 4066 primum
2258 4001 2561 4066 Vitebergae
2599 4003 2747 4053 1545.
2783 4001 2862 4063 (Τ.
2884 4001 2953 4051 ΙΙ.
2979 4003 3115 4064 250.)

775 4087 815 4150 ³)
872 4084 1021 4150 Corp.
1075 4087 1187 4136 Ref.
1241 4086 1330 4137 VI.
1395 4103 1446 4152 p.
1501 4089 1581 4140 62.
1756 4087 1796 4150 ⁴)
1852 4085 1906 4137 C.
1958 4086 2071 4137 Res.
2123 4086 2212 4136 VI.
2277 4102 2328 4150 p.
2381 4088 2495 4139 788.
2553 4086 2670 4138 VII.
2719 4102 2770 4151 p.
2825 4088 2941 4138 626.
3000 4088 3115 4138 765.

777 4168 817 4231 ⁵)
851 4169 974 4219 Vita
1007 4170 1315 4220 Melanchth.
1356 4188 1406 4236 p.
1447 4174 1560 4225 268.
1699 4172 1739 4236 ⁸)
1777 4170 2079 4221 continetur
2115 4172 2267 4221 etiam
2315 4171 2373 4221 Τ.
2410 4172 2479 4222 II.
2515 4171 2551 4222 f.
2589 4174 2656 4223 54
2690 4189 2737 4221 v.
2873 4170 2910 4235 7)
2945 4171 3116 4221 Huius

776 4255 1150 4305 commentariis
1198 4254 1259 4304 de
1304 4257 1554 4319 „Athenis
1590 4256 1826 4306 Salanis“
1872 4256 2230 4320 manuscriptis
2282 4272 2402 4306 usus
2455 4273 2580 4307 sum.
2632 4255 2865 4318 Habent,
2919 4260 3118 4320 praeter

728 4335 735 4342 ’
775 4340 985 4390 inutilia
1018 4340 1193 4405 multa,
1230 4341 1388 4390 etiam
1421 4341 1574 4392 utilia
1609 4341 1870 4406 quaedam.

1959 4801 3463 5219 5³1*

1650 5209 1743 5219 ,nunu-7
1753 5209 1862 5219 ..ea-wa?
1875 5213 1900 5219 -W
1925 5215 1954 5216 nr
