3499 5219
1311 458 1442 467 -——
1531 424 1654 485 245
1745 455 1877 461 --

420 586 813 673 Hesychium
869 592 1182 656 evincitur
1234 610 1310 657 eo
1366 590 1538 675 quod
1594 592 1675 658 de
1738 587 2056 654 Ceramico
2112 592 2321 675 dicit),
2378 612 2509 658 non
2553 593 2765 678 Aney-

419 688 696 770 lensem,
755 698 826 756 ut
866 693 1134 775 putabat
1176 691 1249 760 Ο.
1294 693 1642 759 Muellerus
1683 693 1877 758 Areh.
1921 715 1983 777 p.
2030 697 2111 759 46
2158 693 2284 774 (ed.
2328 693 2476 776 ΙΠ.)
2523 693 2763 761 dixisse

412 781 639 874 Ἑρμῆν
684 790 1162 878 τετραφάλητα,
1210 814 1340 860 non
1383 792 1774 880 τριφάλητα.

512 1252 630 1316 DE
675 1249 895 1318 LOCO
941 1251 1302 1331 QVODAM
1344 1252 1977 1319 ARISTOPHANIS
2022 1250 2667 1323 COMMENTATIO.

588 1436 990 1505 Clarissimus
1034 1440 1557 1524 philosophorum
1613 1441 1831 1506 irrisor
1871 1440 2334 1523 Aristophanes
2388 1443 2457 1507 in
2500 1444 2761 1510 nobilis-

413 1541 578 1606 sima
619 1539 860 1621 fabula,
906 1560 1071 1622 quae
1100 1541 1323 1608 Nubes
1352 1543 1732 1626 appellatur,
1766 1541 2202 1625 Strepsiadem
2246 1539 2549 1607 rusticum
2578 1539 2763 1606 finxit

412 1662 456 1706 a
498 1642 759 1708 Socrate
802 1640 1016 1707 doeeri
1060 1642 1213 1724 quid
1256 1642 1579 1726 agendum
1610 1650 1782 1709 esset
1810 1645 2107 1709 levamen
2137 1643 2305 1709 aeris
2346 1642 2544 1708 alieni
2574 1662 2763 1726 quae-

411 1745 609 1826 renti,
678 1743 849 1827 quod
913 1752 1146 1809 sortem
1213 1745 1491 1810 hominis
1553 1746 1682 1810 iam
1739 1743 1989 1828 pridem
2045 1751 2353 1811 merserat
2405 1744 2761 1811 immodicis

385 1846 640 1911 usuris.
727 1846 1153 1911 Honorarium
1210 1846 1401 1914 etiam
1457 1846 1629 1928 quod
1683 1844 1906 1911 dieunt
1959 1847 2041 1911 ab
2099 1847 2332 1912 rustico
2376 1847 2762 1927 promittitur

412 1947 832 2030 philosopho,
892 1949 947 2012 si
1002 1948 1168 2014 votis
1212 1949 1351 2014 eius
1406 1949 1930 2031 obtemperasset.
2018 1946 2196 2026 Quae
2240 1947 2455 2012 omnia
2498 1948 2589 2014 sie
2632 1948 2761 2014 elo-

412 2055 594 2113 cutus
639 2057 737 2116 est
782 2050 1076 2132 egregius
1119 2056 1340 2133 poeta:

1289 2200 1903 2263 ΣΤΡΕΨΙΛΔΗΣ.

714 2297 911 2362 ’Λλλά
952 2325 1028 2381 με
1078 2302 1329 2377 δίδαξον
1371 2302 1479 2365 τὸν
1522 2302 1726 2385 ἕτερον
1767 2309 1899 2364 τοῖν
1941 2310 2075 2364 σοῖν
2119 2297 2339 2407 λόγοιν,

725 2385 852 2447 Τὸν
891 2386 1086 2466 μηδὲν
1129 2384 1523 2449 ἀποδιδόντα.
1568 2387 1806 2466 μισθὸν
1847 2383 1936 2463 δ’,
1981 2381 2172 2449 ὅντιν’
2219 2383 2296 2446 ἂν

720 2470 987 2555 Πράττῃ
1029 2468 1128 2551 μ’,
1175 2472 1447 2551 ὀμοῦμαι
1492 2477 1586 2535 σοὶ
1635 2468 2014 2552 καταθήσειν
2055 2470 2198 2544 τοὺς
2241 2470 2449 2542 θεούς.

1326 2589 1633 2654 ΣΩΚΡΛ
1642 2592 1828 2652 ΤΗ
1770 2632 1841 2654 ⁴.

721 2672 957 2766 Ποιόυς
999 2693 1189 2766 θεους
1231 2690 1378 2772 ὀμεῖ
1411 2692 1525 2770 (515,-
1566 2700 1814 2774 πρῶτον
1854 2692 1972 2776 γὰρ
2017 2693 2155 2754 &eoa

711 2775 903 2856 ζΗμῖν
946 2776 1197 2858 νόμισμ’
1247 2776 1361 2839 οὐκ
1406 2778 1550 2841 ἔστι.

1279 2896 1869 2958 ΣΤΡΕΨΙΑΔῌ
1830 2898 1877 2932 Σ

1576 3001 1683 3082 Τῷ
1722 2995 1840 3079 γὰρ
1886 2991 2144 3076 ὄμνυτ’,·
2185 2995 2222 3078 ἢ

715 3083 1101 3166 Σιδαρέοισιν
1144 3079 1347 3165 ὥσπερ
1393 3083 1456 3144 ἐν
1506 3083 1856 3165 Βυζαντίῳ,

1329 3199 1635 3263 ΣΩΚΡΑ
1647 3203 1845 3261 ΤΗΣ.

715 3301 935 3364 Βούλει
978 3303 1056 3365 τὰ
1099 3307 1247 3365 θεῖα
1290 3299 1609 3384 πράγματ’
1657 3300 1873 3364 ειδέναι
1920 3325 2138 3385 σαφως

702 3383 875 3451 Ἀπ’
922 3389 1084 3451 ἐστὶν
1127 3385 1370 3471 ‹3930195

1275 3506 1884 3570 ΣΤΡΕΨΙΑΔῌ-Σ.

1357 3607 1458 3687 Νὴ
1502 3605 1629 3683 Δι’,
1675 3606 1840 3685 εἴπερ
1887 3606 2010 3670 ἔστι
2054 3631 2137 3689 γε.

1321 3724 1837 3788 ΣΩΚΡΑΤΗΣ.

713 3828 841 3890 Καὶ
887 3826 1285 3910 συγγενέσθαι
1329 3835 1465 3900 ταῖς
1505 3827 1882 3911 Νεφέλαισιν
1922 3828 1982 3900 ἐς
2024 3825 2257 3909 λόγους,

720 3916 876 3986 Ταῖς
915 3911 1264 3997 ἡμετέραισι
1311 3912 1633 3993 δαίμοσιη

1276 4034 1334 4093 Σ
1341 4032 1503 4094 ἹῬΕ
1511 4032 1873 4094 ΨῙΛΔΗΣ.

1638 4129 1943 4197 Μάλιστα
1985 4156 2067 4215 γε.

1317 4252 1831 4315 ΣΩΚΡΑΤΗΣ.

709 4351 949 4430 Κάθιζε
993 4354 1197 4416 τοίνυν
1239 4355 1332 4416 ἐπὶ
1379 4352 1482 4417 τὸν
1527 4352 1685 4438 ἱερὸν
1727 4354 2058 4434 σκίμποδα.
