3499 5219
1262 430 1825 491 —105—

375 614 474 673 'est
513 607 716 689 igitur·
749 612 860 670 aut
901 612 1192 688 repetere
1235 624 1343 684 ea,
1404 614 1569 686 quae
1626 604 1947 668 continuo
1982 601 2274 666 oblivisci
2322 592 2712 682 ingratorum

374 716 573 790 esset,
649 700 780 772 aut'
827 707 1010 788 quasi
1076 706 1501 788 perfunctorie
1568 721 1737 770 nunc
1792 712 2066 769 tractare
2122 720 2290 784 quae
2346 702 2714 784 diligentius

374 830 580 894 nuper
635 810 974 874 oravimus.
1077 807 1288 873 Unum
1339 806 1463 873 hoe
1517 807 1788 888 addam,
1846 826 1930 872 ne
1980 806 2167 871 unius
2211 804 2468 887 quidem
2513 807 2712 887 verbi,

376 912 549 996 quod
593 919 726 977 tum
771 911 905 976 dixi
947 912 1015 976 in
1056 911 1376 977 honorem·
1407 910 1540 974 vivi
1583 910 1919 992 principis,
1978 909 2172 973 hodie
2219 926 2322 973 me
2365 909 2711 990 poenitere,

375 1034 568 1099 quum
624 1021 870 1078 mortuo
925 1020 1358 1096 parentamus.
1461 1011 1666 1089 Quam
1723 1012 1895 1076 enim
1951 1011 2182 1094 dignus
2246 1010 2435 1074 fuerit
2497 1018 2714 1074 nostro

375 1137 623 1198 amore,
692 1135 881 1198 quam
943 1116 1144 1180 iustus
1196 1115 1279 1179 sit
1332 1114 1515 1179 dolor
1569 1115 1885 1193 iacturae,
1957 1132 2146 1195 quam
2207 1112 2502 1193 fecimus,
2571 1132 2712 1176 cum

374 1221 574 1285 multa
629 1219 789 1299 alia,
847 1225 980 1282 tum
1033 1217 1325 1300 inprimis
1380 1217 1523 1299 ipsa
1578 1236 1747 1280 mors
1797 1216 2103 1298 principis
2147 1214 2385 1296 egregii
2429 1221 2713 1279 testatur.

374 1324 598 1405 Longe
642 1321 813 1385 enim
858 1319 1110 1385 diverso
1141 1317 1331 1383 modo
1363 1319 1520 1383 obiit
1550 1317 1937 1383 CAROLUS
1968 1316 2485 1382 FRIDERICUS
2523 1336 2714 1397 quam

377 1424 643 1489 Carolus
685 1423 1029 1503 Augustus.
1116 1422 1304 1486 Hunc
1360 1422 1531 1485 enim
1586 1439 1897 1503 praeceps
1952 1438 2152 1497 mors,
2214 1419 2396 1500 quasi
2449 1418 2715 1482 fulmine

372 1528 598 1606 ictum,
686 1523 872 1588 nobis
941 1523 1185 1606 rapuit,
1275 1521 1661 1589 OAROLUS
1733 1520 2253 1587 FRIDERIOUS
2322 1520 2716 1585 diuturniore

375 1629 629 1709 morbO,
693 1647 772 1692 ex
829 1644 951 1706 quo
1007 1625 1359 1691 identidem
1404 1624 1781 1704 assurrexit,
1838 1623 2100 1688 tandem
2144 1629 2553 1705 consumptus
2597 1631 2712 1687 est.

375 1732 454 1796 In
500 1750 624 1812 quo
667 1735 884 1793 tamen
928 1728 1317 1810 singularem
1356 1735 1420 1792 et
1449 1733 1630 1809 patre
1663 1716 1925 1808 dignam
1954 1724 2388 1789 fortitudinem
2418 1724 2712 1789 ostendit.

375 1833 547 1897 Nam
593 1850 783 1912 quum
827 1830 896 1893 in
941 1849 1016 1895 eo
1062 1836 1259 1909 esset,
1306 1836 1376 1892 ut
1418 1829 1775 1893 saecularia
1818 1828 1953 1893 eius
1998 1846 2179 1891 sacra
2222 1824 2713 1907 celebrarentur,

375 1932 587 2014 multi,
662 1932 731 1996 in
795 1931 1022 2013 hisque
1075 1932 1388 2014 inprimis¹
1425 1930 1690 2011 medici,
1766 1936 2057 1995 auctores
2125 1929 2378 1994 fuerunt
2444 1930 2716 2012 principi

376 2043 627 2115 nostr0,
695 2039 764 2097 ut
819 2033 1106 2098 Vimaria
1162 2032 1521 2113 secederet,
1588 2051 1672 2097 ne
1729 2051 1966 2114 magna
2022 2031 2219 2095 animi
2276 2031 2714 2111 commotione,

376 2156 543 2220 quae
598 2134 818 2219 gaudii
874 2155 1079 2216 aeque
1123 2136 1287 2200 solet
1329 2154 1469 2199 esse
1514 2141 1706 2215 atque
1749 2133 2018 2215 doloris,
2076 2134 2244 2198 vires
2301 2133 2436 2197 eius
2490 2132 2718 2197 debili-

377 2245 551 2304 tatae
620 2244 878 2321 prorsu‘s
936 2238 1395 2320 frangerentur.
1485 2235 1671 2314 Quod
1737 2236 1849 2300 ille
1919 2236 2124 2300 noluit
2188 2235 2446 2309 facere.¹
2504 2235 2718 2298 Habet

380 2341 551 2405 enim
611 2338 936 2421 quandam
997 2340 1065 2404 in
1111 2344 1192 2405 'se
1250 2338 1448 2403 animi
1503 2339 1963 2403 recreationem
2022 2344 2085 2403 et
2142 2336 2715 2402 corroborationem

376 2443 521 2525 ipsa
565 2442 799 2506 amoris
843 2440 1230 2523 testificatio,
1289 2441 1583 2524 inprimis
1641 2442 1707 2504 in
1751 2440 2031 2522 aegrotis
2074 2459 2150 2504 ac
2194 2439 2505 2519 tristibus,
2568 2458 2716 2519 quo-

375 2565 516 2611 rum
560 2545 880 2609 tristitiam
924 2543 1219 2626 mitigare
1261 2543 1802 2626 acerbitatemque
1849 2542 2084 2607 doloris
2113 2543 2314 2606 lenire
2343 2541 2525 2606 solet.
2594 2539 2718 2603 Cur

378 2648 580 2727 enim,
644 2648 880 2728 inquit,
947 2646 1169 2729 populi
1222 2646 1350 2710 mei
1405 2666 1684 2712 amorem
1743 2646 1926 2728 quasi
1980 2643 2484 2727 subterfugiam?
2570 2643 2717 2707 Non

377 2749 586 2813 celavi
626 2749 771 2830 ipse
814 2768 1095 2813 amorem
1138 2761 1367 2829 meum,
1412 2768 1543 2812 non
1586 2748 1896 2813 celandus
1924 2747 2117 2829 igitur
2146 2753 2242 2811 est
2270 2766 2450 2810 amor
2477 2744 2718 2828 populi.

378 2849 519 2929 Quo
563 2851 618 2915 si
662 2849 893 2932 dignus
934 2850 1053 2931 fui,
1113 2849 1270 2916 deus
1314 2851 1588 2933 optimus
1631 2852 1947 2915 maximus
1991 2869 2093 2914 me
2134 2850 2226 2912 ita
2269 2847 2717 2927 corroborabit,

379 2959 449 3017 ut
490 2952 729 3035 possim
773 2952 936 3017 ferre
978 2951 1048 3015 id
1092 2952 1262 3034 quod
1304 2959 1489 3035 pater
1529 2972 1739 3033 meus,
1786 2952 2115 3033 aliquanto
2158 2970 2262 3015 me
2305 2952 2544 3030 senior,
2598 2948 2718 3012 for-

377 3054 503 3119 tius
547 3054 740 3118 etiam
784 3054 1099 3118 sustinuit.
1174 3054 1401 3136 Neque
1443 3073 1637 3136 aegre
1676 3055 1896 3135 feram,
1945 3054 1999 3118 si
2027 3054 2095 3118 in
2125 3059 2469 3136 conspeetu
2498 3051 2719 3134 populi

377 3156 506 3221 mei
548 3156 801 3220 moriar.
880 3155 987 3221 Sic
1026 3155 1158 3235 ille,
1205 3175 1568 3238 quanquam
1611 3163 1928 3238 aegrotus,
1972 3162 2239 3220 mortem
2286 3154 2467 3236 quasi
2510 3154 2718 3235 ipsam

378 3257 560 3338 vicit,
619 3276 827 3338 neque
884 3257 1058 3340 prius
1119 3256 1452 3323 defunctus
1510 3266 1607 3324 est
1663 3258 1825 3339 vita,
1887 3277 2077 3339 quam
2136 3257 2365 3323 litteris
2423 3254 2716 3338 publicis,

377 3366 685 3441 tanquam
728 3365 1111 3425 testamento
1126 3408 1141 3441 ,
1191 3361 1431 3441 gratias
1475 3361 1711 3443 egisset
1756 3361 1999 3425 civibus
2044 3361 2192 3424 suis.
2280 3357 2359 3423 Id
2402 3354 2718 3439 quomodo

376 3460 616 3541 fecerit,
659 3461 728 3525 in
771 3461 1140 3526 memoriam
1183 3468 1480 3543 vestram,
1527 3482 1892 3544 quanquam
1935 3468 2276 3541 recentem,
2323 3460 2501 3524 lubet
2543 3476 2720 3523 revo-

378 3582 545 3644 care,
597 3557 937 3628 auditores.
1026 3562 1442 3629 Sanctitatem
1488 3564 1658 3630 enim
1702 3571 1768 3629 et
1808 3565 2182 3648 religionem
2228 3561 2552 3644 quandam
2595 3560 2721 3642 spi-

375 3673 523 3731 rant
563 3666 790 3729 ultima
832 3665 1034 3730 verba
1076 3665 1420 3730 morientis.

546 3768 822 3831 Percara
876 3768 1034 3832 mihi
1075 3766 1383 3848 fuerunt,
1420 3768 1658 3850 inquit,
1716 3770 1918 3833 multa
1978 3775 2041 3833 et
2095 3767 2275 3831 varia
2332 3763 2716 3843 testimonia,

379 3868 608 3950 quibus
662 3867 853 3933 fidem
910 3875 974 3934 et
1028 3889 1309 3934 amorem
1366 3888 1518 3951 erga
1560 3889 1664 3935 me
1708 3890 1890 3934 suum
1935 3869 2507 3952 comprobaverunt
2550 3866 2722 3929 cives

378 3970 525 4037 mei.
630 3969 873 4048 Quibus
946 3971 1239 4036 omnibus
1311 3971 1366 4035 si
1429 3972 1638 4037 minus
1696 3971 2034 4037 referenda
2089 3970 2297 4053 gratia
2353 3968 2722 4034 satisfacere

377 4093 547 4137 nunc
618 4079 871 4154 potem,
944 4080 1011 4137 at
1082 4072 1520 4155 praedicanda
1586 4080 1649 4138 et
1711 4073 2016 4140 habenda
2079 4080 2248 4138 certe
2311 4069 2718 4136 satisfaciam.

379 4173 547 4252 Quot
590 4174 760 4239 enim
805 4180 953 4239 sunt
997 4173 1238 4256 oppida
1280 4182 1347 4240 et
1388 4176 1818 4241 conciliabula
1858 4175 2249 4260 reipublicae
2292 4179 2575 4252 nostrae,
2629 4177 2723 4235 tot

379 4276 535 4342 mihi
577 4276 833 4342 fuerunt
876 4283 1092 4357 testes,
1140 4276 1328 4359 quod,
1376 4296 1502 4358 qua
1536 4279 1786 4344 ratione
1814 4298 1930 4362 per
1959 4278 2235 4360 quinque
2264 4278 2481 4354 lustra,
2529 4271 2720 4337 modo

379 4378 585 4459 laetis,
631 4377 822 4443 modo
869 4377 1099 4461 dubiis,
1146 4377 1336 4443 modo
1381 4377 1671 4445 adversis
1712 4380 1782 4443 in
1824 4380 2032 4462 rebUS,
2090 4397 2352 4445 munere
2393 4376 2720 4458 principis,
