<?xml version="1.0" encoding="UTF-8"?>
<!DOCTYPE html PUBLIC "-//W3C//DTD XHTML 1.0 Transitional//EN"
    "http://www.w3.org/TR/xhtml1/DTD/xhtml1-transitional.dtd">
<html xmlns="http://www.w3.org/1999/xhtml" xml:lang="en" lang="en">
 <head>
  <title>
</title>
<meta http-equiv="Content-Type" content="text/html;charset=utf-8" />
  <meta name='ocr-system' content='tesseract 3.04.00' />
  <meta name='ocr-capabilities' content='ocr_page ocr_carea ocr_par ocr_line ocrx_word'/>
</head>
<body>
  <div class='ocr_page' id='page_1' title='image "./opusculaacademi00goetgoog_0348.png"; bbox 0 0 3499 5219; ppageno 0'>
   <div class='ocr_carea' id='block_1_1' title="bbox 1605 402 2175 462">
    <p class='ocr_par' dir='ltr' id='par_1_1' title="bbox 1605 402 2175 462">
     <span class='ocr_line' id='line_1_1' title="bbox 1605 402 2175 462; baseline 0 0"><span class='ocrx_word' id='word_1_1' title='bbox 1605 435 1736 442; x_wconf 85' lang='lat'>-—</span> <span class='ocrx_word' id='word_1_2' title='bbox 1828 402 1950 462; x_wconf 85' lang='lat'>326</span> <span class='ocrx_word' id='word_1_3' title='bbox 2044 437 2175 441; x_wconf 24' lang='lat'>⁷--</span> 
     </span>
    </p>
   </div>
   <div class='ocr_carea' id='block_1_2' title="bbox 645 563 3075 2788">
    <p class='ocr_par' dir='ltr' id='par_1_2' title="bbox 711 563 3070 853">
     <span class='ocr_line' id='line_1_2' title="bbox 881 563 3070 655; baseline -0.002 -17"><span class='ocrx_word' id='word_1_4' title='bbox 881 575 979 639; x_wconf 83' lang='lat' dir='ltr'>Ex</span> <span class='ocrx_word' id='word_1_5' title='bbox 1014 592 1137 654; x_wconf 93' lang='lat' dir='ltr'>quo</span> <span class='ocrx_word' id='word_1_6' title='bbox 1173 572 1446 655; x_wconf 86' lang='lat' dir='ltr'>primum</span> <span class='ocrx_word' id='word_1_7' title='bbox 1491 570 1612 634; x_wconf 91' lang='lat' dir='ltr'>hoc</span> <span class='ocrx_word' id='word_1_8' title='bbox 1655 566 2167 633; x_wconf 88' lang='lat' dir='ltr'>concludendum</span> <span class='ocrx_word' id='word_1_9' title='bbox 2213 587 2356 632; x_wconf 91' lang='lat' dir='ltr'>esse</span> <span class='ocrx_word' id='word_1_10' title='bbox 2398 576 2738 651; x_wconf 88' lang='lat' dir='ltr'>putaverat</span> <span class='ocrx_word' id='word_1_11' title='bbox 2765 563 3070 636; x_wconf 76' lang='lat' dir='ltr'>Welcke-</span> 
     </span>
     <span class='ocr_line' id='line_1_3' title="bbox 711 671 3070 758; baseline -0.001 -17"><span class='ocrx_word' id='word_1_12' title='bbox 711 696 837 757; x_wconf 86' lang='lat' dir='ltr'>rus,</span> <span class='ocrx_word' id='word_1_13' title='bbox 885 675 1202 758; x_wconf 88' lang='lat' dir='ltr'><strong>pulpitum</strong></span> <span class='ocrx_word' id='word_1_14' title='bbox 1245 672 1409 737; x_wconf 92' lang='lat' dir='ltr'>illud</span> <span class='ocrx_word' id='word_1_15' title='bbox 1452 691 1566 736; x_wconf 89' lang='lat' dir='ltr'>seu</span> <span class='ocrx_word' id='word_1_16' title='bbox 1609 675 1977 751; x_wconf 82' lang='lat' dir='ltr'>suggestum</span> <span class='ocrx_word' id='word_1_17' title='bbox 2022 675 2342 733; x_wconf 90' lang='lat' dir='ltr'>oratorum</span> <span class='ocrx_word' id='word_1_18' title='bbox 2375 671 2600 752; x_wconf 78' lang='grc' dir='ltr'>(βῆμα)</span> <span class='ocrx_word' id='word_1_19' title='bbox 2631 672 2805 752; x_wconf 91' lang='lat' dir='ltr'>quod</span> <span class='ocrx_word' id='word_1_20' title='bbox 2845 675 3070 738; x_wconf 50' lang='lat' dir='ltr'>etiam-</span> 
     </span>
     <span class='ocr_line' id='line_1_4' title="bbox 711 770 3070 853; baseline -0 -11"><span class='ocrx_word' id='word_1_21' title='bbox 711 796 880 842; x_wconf 90' lang='lat' dir='ltr'>nunc</span> <span class='ocrx_word' id='word_1_22' title='bbox 935 776 1159 842; x_wconf 82' lang='lat' dir='ltr'>visitur</span> <span class='ocrx_word' id='word_1_23' title='bbox 1216 796 1253 841; x_wconf 90' lang='lat' dir='ltr'>e</span> <span class='ocrx_word' id='word_1_24' title='bbox 1308 794 1466 839; x_wconf 82' lang='lat' dir='ltr'>saxo</span> <span class='ocrx_word' id='word_1_25' title='bbox 1523 772 1672 836; x_wconf 83' lang='lat' dir='ltr'>vivo</span> <span class='ocrx_word' id='word_1_26' title='bbox 1731 770 2043 851; x_wconf 82' lang='lat' dir='ltr'>excisum,</span> <span class='ocrx_word' id='word_1_27' title='bbox 2103 770 2574 853; x_wconf 80' lang='lat' dir='ltr'>duplicatisque</span> <span class='ocrx_word' id='word_1_28' title='bbox 2622 775 2965 840; x_wconf 87' lang='lat' dir='ltr'>scansionil</span> <span class='ocrx_word' id='word_1_29' title='bbox 2998 797 3070 842; x_wconf 88' lang='lat' dir='ltr'>us</span> 
     </span>
    </p>

    <p class='ocr_par' dir='ltr' id='par_1_3' title="bbox 645 872 3072 1876">
     <span class='ocr_line' id='line_1_5' title="bbox 715 872 3070 960; baseline -0.001 -17"><span class='ocrx_word' id='word_1_30' title='bbox 715 878 1012 960; x_wconf 87' lang='lat' dir='ltr'>utrinque</span> <span class='ocrx_word' id='word_1_31' title='bbox 1057 877 1387 957; x_wconf 86' lang='lat' dir='ltr'>munitum,</span> <span class='ocrx_word' id='word_1_32' title='bbox 1433 875 1487 939; x_wconf 92' lang='lat' dir='ltr'>si</span> <span class='ocrx_word' id='word_1_33' title='bbox 1531 893 1682 938; x_wconf 81' lang='lat' dir='ltr'>vere</span> <span class='ocrx_word' id='word_1_34' title='bbox 1726 872 2045 956; x_wconf 89' lang='lat' dir='ltr'>pulpitum</span> <span class='ocrx_word' id='word_1_35' title='bbox 2089 873 2194 937; x_wconf 83' lang='lat' dir='ltr'>vel</span> <span class='ocrx_word' id='word_1_36' title='bbox 2239 880 2608 955; x_wconf 82' lang='lat' dir='ltr'>suggestum</span> <span class='ocrx_word' id='word_1_37' title='bbox 2651 873 2894 957; x_wconf 80' lang='lat' dir='ltr'>fuisset,</span> <span class='ocrx_word' id='word_1_38' title='bbox 2956 885 3070 941; x_wconf 64' lang='lat' dir='ltr'>fut</span> 
     </span>
     <span class='ocr_line' id='line_1_6' title="bbox 645 960 3066 1060; baseline -0.001 -15"><span class='ocrx_word' id='word_1_39' title='bbox 645 960 654 969; x_wconf 56' lang='grc'><strong>’</strong></span> <span class='ocrx_word' id='word_1_40' title='bbox 711 981 830 1045; x_wconf 91' lang='lat' dir='ltr'>sub</span> <span class='ocrx_word' id='word_1_41' title='bbox 886 977 1382 1060; x_wconf 82' lang='lat' dir='ltr'>Tringintaviris</span> <span class='ocrx_word' id='word_1_42' title='bbox 1438 977 1529 1041; x_wconf 87' lang='lat' dir='ltr'>sic</span> <span class='ocrx_word' id='word_1_43' title='bbox 1589 994 1730 1040; x_wconf 89' lang='lat' dir='ltr'>esse</span> <span class='ocrx_word' id='word_1_44' title='bbox 1786 973 2236 1054; x_wconf 82' lang='lat' dir='ltr'>fabrefactum,</span> <span class='ocrx_word' id='word_1_45' title='bbox 2314 981 2382 1038; x_wconf 99' lang='lat' dir='ltr'>ut</span> <span class='ocrx_word' id='word_1_46' title='bbox 2442 995 2615 1039; x_wconf 92' lang='lat' dir='ltr'>nunc</span> <span class='ocrx_word' id='word_1_47' title='bbox 2674 983 2797 1057; x_wconf 84' lang='lat' dir='ltr'>est,</span> <span class='ocrx_word' id='word_1_48' title='bbox 2872 998 2979 1059; x_wconf 76' lang='lat' dir='ltr'>qu(</span> <span class='ocrx_word' id='word_1_49' title='bbox 3006 979 3066 1060; x_wconf 88' lang='lat' dir='ltr'>d,</span> 
     </span>
     <span class='ocr_line' id='line_1_7' title="bbox 712 1076 3069 1164; baseline 0 -19"><span class='ocrx_word' id='word_1_50' title='bbox 712 1082 822 1164; x_wconf 92' lang='lat' dir='ltr'>qui</span> <span class='ocrx_word' id='word_1_51' title='bbox 878 1081 946 1144; x_wconf 93' lang='lat' dir='ltr'>in</span> <span class='ocrx_word' id='word_1_52' title='bbox 1003 1100 1080 1145; x_wconf 93' lang='lat' dir='ltr'>eo</span> <span class='ocrx_word' id='word_1_53' title='bbox 1139 1079 1386 1162; x_wconf 92' lang='lat' dir='ltr'>pulpito</span> <span class='ocrx_word' id='word_1_54' title='bbox 1440 1077 1794 1157; x_wconf 76' lang='lat' dir='ltr'>insisteret,</span> <span class='ocrx_word' id='word_1_55' title='bbox 1857 1076 1925 1139; x_wconf 90' lang='lat' dir='ltr'>in</span> <span class='ocrx_word' id='word_1_56' title='bbox 1981 1095 2159 1140; x_wconf 89' lang='lat' dir='ltr'>mare</span> <span class='ocrx_word' id='word_1_57' title='bbox 2215 1076 2395 1140; x_wconf 91' lang='lat' dir='ltr'>nullo</span> <span class='ocrx_word' id='word_1_58' title='bbox 2451 1076 2643 1140; x_wconf 91' lang='lat' dir='ltr'>modo</span> <span class='ocrx_word' id='word_1_59' title='bbox 2701 1080 3069 1160; x_wconf 85' lang='lat' dir='ltr'>prospicere</span> 
     </span>
     <span class='ocr_line' id='line_1_8' title="bbox 715 1177 3070 1266; baseline -0.002 -18"><span class='ocrx_word' id='word_1_60' title='bbox 715 1189 960 1266; x_wconf 85' lang='lat' dir='ltr'>posset,</span> <span class='ocrx_word' id='word_1_61' title='bbox 1030 1187 1143 1246; x_wconf 82' lang='lat' dir='ltr'>aut</span> <span class='ocrx_word' id='word_1_62' title='bbox 1207 1180 1521 1264; x_wconf 89' lang='lat' dir='ltr'>pulpitum</span> <span class='ocrx_word' id='word_1_63' title='bbox 1587 1178 1847 1242; x_wconf 92' lang='lat' dir='ltr'>omnino</span> <span class='ocrx_word' id='word_1_64' title='bbox 1912 1197 2042 1241; x_wconf 91' lang='lat' dir='ltr'>non</span> <span class='ocrx_word' id='word_1_65' title='bbox 2103 1177 2299 1242; x_wconf 90' lang='lat' dir='ltr'>fuisse</span> <span class='ocrx_word' id='word_1_66' title='bbox 2364 1177 2558 1258; x_wconf 86' lang='lat' dir='ltr'>illud,</span> <span class='ocrx_word' id='word_1_67' title='bbox 2628 1186 2813 1262; x_wconf 89' lang='lat' dir='ltr'>septa</span> <span class='ocrx_word' id='word_1_68' title='bbox 2876 1181 3070 1260; x_wconf 57' lang='lat' dir='ltr'>igitur</span> 
     </span>
     <span class='ocr_line' id='line_1_9' title="bbox 713 1279 3068 1364; baseline -0.001 -15"><span class='ocrx_word' id='word_1_69' title='bbox 713 1283 1220 1350; x_wconf 89' lang='lat' dir='ltr'>Atheniensium·</span> <span class='ocrx_word' id='word_1_70' title='bbox 1258 1280 1627 1364; x_wconf 90' lang='lat' dir='ltr'>quaerenda</span> <span class='ocrx_word' id='word_1_71' title='bbox 1681 1299 1826 1344; x_wconf 88' lang='lat' dir='ltr'>esse</span> <span class='ocrx_word' id='word_1_72' title='bbox 1881 1279 2058 1343; x_wconf 93' lang='lat' dir='ltr'>alibi.</span> <span class='ocrx_word' id='word_1_73' title='bbox 2151 1279 2344 1360; x_wconf 90' lang='lat' dir='ltr'>Atqui</span> <span class='ocrx_word' id='word_1_74' title='bbox 2402 1299 2595 1361; x_wconf 92' lang='lat' dir='ltr'>quum</span> <span class='ocrx_word' id='word_1_75' title='bbox 2653 1300 2694 1344; x_wconf 92' lang='lat' dir='ltr'>a</span> <span class='ocrx_word' id='word_1_76' title='bbox 2747 1281 2946 1363; x_wconf 84' lang='lat' dir='ltr'>Trigi.</span> <span class='ocrx_word' id='word_1_77' title='bbox 2978 1291 3068 1348; x_wconf 77' lang='lat' dir='ltr'>ta-</span> 
     </span>
     <span class='ocr_line' id='line_1_10' title="bbox 716 1379 3072 1467; baseline -0.001 -16"><span class='ocrx_word' id='word_1_78' title='bbox 716 1387 994 1451; x_wconf 82' lang='lat' dir='ltr'>virorum</span> <span class='ocrx_word' id='word_1_79' title='bbox 1066 1392 1354 1467; x_wconf 90' lang='lat' dir='ltr'>tempore</span> <span class='ocrx_word' id='word_1_80' title='bbox 1417 1382 1646 1446; x_wconf 92' lang='lat' dir='ltr'>mirum</span> <span class='ocrx_word' id='word_1_81' title='bbox 1705 1388 2012 1463; x_wconf 88' lang='lat' dir='ltr'>quantum</span> <span class='ocrx_word' id='word_1_82' title='bbox 2071 1379 2264 1448; x_wconf 88' lang='lat' dir='ltr'>distet</span> <span class='ocrx_word' id='word_1_83' title='bbox 2317 1387 2454 1445; x_wconf 92' lang='lat' dir='ltr'>tota</span> <span class='ocrx_word' id='word_1_84' title='bbox 2507 1380 2627 1445; x_wconf 90' lang='lat' dir='ltr'>illa</span> <span class='ocrx_word' id='word_1_85' title='bbox 2683 1382 3072 1449; x_wconf 79' lang='lat' dir='ltr'>aedificandi</span> 
     </span>
     <span class='ocr_line' id='line_1_11' title="bbox 714 1482 3068 1568; baseline -0.001 -15"><span class='ocrx_word' id='word_1_86' title='bbox 714 1487 897 1567; x_wconf 87' lang='lat' dir='ltr'>ratio,</span> <span class='ocrx_word' id='word_1_87' title='bbox 944 1507 1072 1568; x_wconf 90' lang='lat' dir='ltr'>qua</span> <span class='ocrx_word' id='word_1_88' title='bbox 1114 1492 1179 1551; x_wconf 92' lang='lat' dir='ltr'>et</span> <span class='ocrx_word' id='word_1_89' title='bbox 1221 1485 1539 1568; x_wconf 89' lang='lat' dir='ltr'>pulpitum</span> <span class='ocrx_word' id='word_1_90' title='bbox 1582 1489 2012 1548; x_wconf 88' lang='lat' dir='ltr'>constructum</span> <span class='ocrx_word' id='word_1_91' title='bbox 2056 1488 2155 1548; x_wconf 91' lang='lat' dir='ltr'>est</span> <span class='ocrx_word' id='word_1_92' title='bbox 2197 1489 2263 1548; x_wconf 92' lang='lat' dir='ltr'>et</span> <span class='ocrx_word' id='word_1_93' title='bbox 2302 1482 2805 1548; x_wconf 79' lang='lat' dir='ltr'>substructiones</span> <span class='ocrx_word' id='word_1_94' title='bbox 2838 1485 2961 1550; x_wconf 76' lang='lat' dir='ltr'>fact</span> <span class='ocrx_word' id='word_1_95' title='bbox 2988 1507 3068 1568; x_wconf 66' lang='lat' dir='ltr'>te,</span> 
     </span>
     <span class='ocr_line' id='line_1_12' title="bbox 715 1582 3070 1672; baseline -0 -19"><span class='ocrx_word' id='word_1_96' title='bbox 715 1608 881 1672; x_wconf 91' lang='lat' dir='ltr'>quae</span> <span class='ocrx_word' id='word_1_97' title='bbox 937 1589 1006 1652; x_wconf 91' lang='lat' dir='ltr'>in</span> <span class='ocrx_word' id='word_1_98' title='bbox 1062 1584 1520 1668; x_wconf 85' lang='lat' dir='ltr'>antiquissimis</span> <span class='ocrx_word' id='word_1_99' title='bbox 1574 1584 2065 1650; x_wconf 87' lang='lat' dir='ltr'>Atheniensium</span> <span class='ocrx_word' id='word_1_100' title='bbox 2135 1582 2446 1649; x_wconf 85' lang='lat' dir='ltr'>aedificiis</span> <span class='ocrx_word' id='word_1_101' title='bbox 2516 1585 2860 1652; x_wconf 81' lang='lat' dir='ltr'>habendae</span> <span class='ocrx_word' id='word_1_102' title='bbox 2921 1590 3070 1669; x_wconf 77' lang='lat' dir='ltr'>sint,</span> 
     </span>
     <span class='ocr_line' id='line_1_13' title="bbox 715 1675 3072 1768; baseline 0 -14"><span class='ocrx_word' id='word_1_103' title='bbox 715 1675 880 1755; x_wconf 79' lang='lat' dir='ltr'>nihil</span> <span class='ocrx_word' id='word_1_104' title='bbox 907 1689 1251 1754; x_wconf 89' lang='lat' dir='ltr'>Welckero</span> <span class='ocrx_word' id='word_1_105' title='bbox 1293 1686 1634 1751; x_wconf 84' lang='lat' dir='ltr'>videbatur</span> <span class='ocrx_word' id='word_1_106' title='bbox 1675 1685 1989 1768; x_wconf 93' lang='lat' dir='ltr'>reliquum</span> <span class='ocrx_word' id='word_1_107' title='bbox 2035 1704 2178 1751; x_wconf 88' lang='lat' dir='ltr'>esse</span> <span class='ocrx_word' id='word_1_108' title='bbox 2220 1704 2413 1767; x_wconf 92' lang='lat' dir='ltr'>quam</span> <span class='ocrx_word' id='word_1_109' title='bbox 2459 1692 2528 1749; x_wconf 91' lang='lat' dir='ltr'>ut</span> <span class='ocrx_word' id='word_1_110' title='bbox 2571 1686 2905 1753; x_wconf 76' lang='lat' dir='ltr'>credamus</span> <span class='ocrx_word' id='word_1_111' title='bbox 2976 1708 3072 1755; x_wconf 85' lang='lat' dir='ltr'>:ec</span> 
     </span>
     <span class='ocr_line' id='line_1_14' title="bbox 718 1786 3069 1876; baseline -0 -20"><span class='ocrx_word' id='word_1_112' title='bbox 718 1792 1033 1876; x_wconf 90' lang='lat' dir='ltr'>pulpitum</span> <span class='ocrx_word' id='word_1_113' title='bbox 1078 1809 1199 1855; x_wconf 91' lang='lat' dir='ltr'>nec</span> <span class='ocrx_word' id='word_1_114' title='bbox 1241 1794 1427 1871; x_wconf 88' lang='lat' dir='ltr'>septa</span> <span class='ocrx_word' id='word_1_115' title='bbox 1468 1787 1880 1871; x_wconf 83' lang='lat' dir='ltr'>agnoscenda</span> <span class='ocrx_word' id='word_1_116' title='bbox 1922 1806 2064 1852; x_wconf 87' lang='lat' dir='ltr'>esse</span> <span class='ocrx_word' id='word_1_117' title='bbox 2106 1787 2173 1851; x_wconf 89' lang='lat' dir='ltr'>in</span> <span class='ocrx_word' id='word_1_118' title='bbox 2219 1793 2352 1851; x_wconf 89' lang='lat' dir='ltr'>tam</span> <span class='ocrx_word' id='word_1_119' title='bbox 2395 1786 2678 1869; x_wconf 87' lang='lat' dir='ltr'>antiquis</span> <span class='ocrx_word' id='word_1_120' title='bbox 2711 1790 3069 1857; x_wconf 70' lang='lat' dir='ltr'>ruderibus.</span> 
     </span>
    </p>

    <p class='ocr_par' dir='ltr' id='par_1_4' title="bbox 717 1887 3075 2788">
     <span class='ocr_line' id='line_1_15' title="bbox 885 1887 3072 1975; baseline -0 -19"><span class='ocrx_word' id='word_1_121' title='bbox 885 1891 1215 1956; x_wconf 88' lang='lat' dir='ltr'>Plutarchi</span> <span class='ocrx_word' id='word_1_122' title='bbox 1286 1895 1500 1955; x_wconf 90' lang='lat' dir='ltr'>autem</span> <span class='ocrx_word' id='word_1_123' title='bbox 1569 1889 2011 1954; x_wconf 89' lang='lat' dir='ltr'>auctoritatem</span> <span class='ocrx_word' id='word_1_124' title='bbox 2026 1937 2043 1971; x_wconf 86' lang='lat'><em>,</em></span> <span class='ocrx_word' id='word_1_125' title='bbox 2118 1887 2436 1971; x_wconf 91' lang='lat' dir='ltr'>simulque</span> <span class='ocrx_word' id='word_1_126' title='bbox 2488 1889 2815 1956; x_wconf 90' lang='lat' dir='ltr'>Welckeri</span> <span class='ocrx_word' id='word_1_127' title='bbox 2884 1912 3072 1975; x_wconf 83' lang='lat' dir='ltr'>argu-</span> 
     </span>
     <span class='ocr_line' id='line_1_16' title="bbox 717 1990 3070 2074; baseline -0 -16"><span class='ocrx_word' id='word_1_128' title='bbox 717 1994 1174 2060; x_wconf 91' lang='lat' dir='ltr'>mentationem</span> <span class='ocrx_word' id='word_1_129' title='bbox 1233 2010 1360 2054; x_wconf 88' lang='lat' dir='ltr'>uno</span> <span class='ocrx_word' id='word_1_130' title='bbox 1414 1990 1612 2056; x_wconf 83' lang='lat' dir='ltr'>verbo</span> <span class='ocrx_word' id='word_1_131' title='bbox 1662 1990 1905 2057; x_wconf 88' lang='lat' dir='ltr'>reicere</span> <span class='ocrx_word' id='word_1_132' title='bbox 1947 1995 2214 2055; x_wconf 86' lang='lat' dir='ltr'>conatus</span> <span class='ocrx_word' id='word_1_133' title='bbox 2257 1998 2356 2055; x_wconf 87' lang='lat' dir='ltr'>est</span> <span class='ocrx_word' id='word_1_134' title='bbox 2397 1991 2470 2054; x_wconf 91' lang='lat' dir='ltr'>L.</span> <span class='ocrx_word' id='word_1_135' title='bbox 2516 1990 2810 2074; x_wconf 82' lang='lat' dir='ltr'>Rossius,</span> <span class='ocrx_word' id='word_1_136' title='bbox 2873 1993 2950 2057; x_wconf 92' lang='lat' dir='ltr'>V.</span> <span class='ocrx_word' id='word_1_137' title='bbox 2997 1992 3070 2059; x_wconf 83' lang='lat' dir='ltr'>C.</span> 
     </span>
     <span class='ocr_line' id='line_1_17' title="bbox 719 2089 3074 2176; baseline -0 -16"><span class='ocrx_word' id='word_1_138' title='bbox 719 2103 784 2161; x_wconf 92' lang='lat' dir='ltr'>et</span> <span class='ocrx_word' id='word_1_139' title='bbox 841 2115 983 2160; x_wconf 89' lang='lat' dir='ltr'>esse</span> <span class='ocrx_word' id='word_1_140' title='bbox 1039 2095 1155 2159; x_wconf 90' lang='lat' dir='ltr'>illa</span> <span class='ocrx_word' id='word_1_141' title='bbox 1214 2099 1399 2176; x_wconf 88' lang='lat' dir='ltr'>septa</span> <span class='ocrx_word' id='word_1_142' title='bbox 1439 2092 1929 2158; x_wconf 90' lang='lat' dir='ltr'>Atheniensium</span> <span class='ocrx_word' id='word_1_143' title='bbox 1983 2089 2309 2157; x_wconf 86' lang='lat' dir='ltr'>affirmans</span> <span class='ocrx_word' id='word_1_144' title='bbox 2365 2098 2430 2157; x_wconf 91' lang='lat' dir='ltr'>et</span> <span class='ocrx_word' id='word_1_145' title='bbox 2483 2099 2881 2175; x_wconf 90' lang='lat' dir='ltr'>permutasse</span> <span class='ocrx_word' id='word_1_146' title='bbox 2932 2096 3074 2159; x_wconf 75' lang='lat' dir='ltr'>l‘lu-</span> 
     </span>
     <span class='ocr_line' id='line_1_18' title="bbox 719 2192 3074 2277; baseline -0 -15"><span class='ocrx_word' id='word_1_147' title='bbox 719 2197 1005 2262; x_wconf 91' lang='lat' dir='ltr'>tarchum</span> <span class='ocrx_word' id='word_1_148' title='bbox 1042 2197 1360 2261; x_wconf 87' lang='lat' dir='ltr'>theatrum</span> <span class='ocrx_word' id='word_1_149' title='bbox 1390 2193 1645 2275; x_wconf 84' lang='lat' dir='ltr'>Bacchi,</span> <span class='ocrx_word' id='word_1_150' title='bbox 1689 2194 1759 2258; x_wconf 91' lang='lat' dir='ltr'>in</span> <span class='ocrx_word' id='word_1_151' title='bbox 1801 2213 1927 2277; x_wconf 92' lang='lat' dir='ltr'>quo</span> <span class='ocrx_word' id='word_1_152' title='bbox 1971 2192 2324 2258; x_wconf 88' lang='lat' dir='ltr'>identidem</span> <span class='ocrx_word' id='word_1_153' title='bbox 2369 2194 2627 2257; x_wconf 91' lang='lat' dir='ltr'>comitia</span> <span class='ocrx_word' id='word_1_154' title='bbox 2667 2193 3074 2261; x_wconf 77' lang='lat' dir='ltr'>habebantur</span> 
     </span>
     <span class='ocr_line' id='line_1_19' title="bbox 720 2295 3075 2382; baseline 0.001 -21"><span class='ocrx_word' id='word_1_155' title='bbox 720 2298 974 2382; x_wconf 86' lang='lat' dir='ltr'>populi,</span> <span class='ocrx_word' id='word_1_156' title='bbox 1049 2318 1190 2362; x_wconf 88' lang='lat' dir='ltr'>cum</span> <span class='ocrx_word' id='word_1_157' title='bbox 1247 2298 1486 2380; x_wconf 85' lang='lat' dir='ltr'>Pnyce.</span> <span class='ocrx_word' id='word_1_158' title='bbox 1583 2295 1757 2361; x_wconf 86' lang='lat' dir='ltr'>Fieri</span> <span class='ocrx_word' id='word_1_159' title='bbox 1814 2295 1985 2360; x_wconf 91' lang='lat' dir='ltr'>enim</span> <span class='ocrx_word' id='word_1_160' title='bbox 2050 2295 2367 2378; x_wconf 87' lang='lat' dir='ltr'>potuisse,</span> <span class='ocrx_word' id='word_1_161' title='bbox 2443 2302 2512 2359; x_wconf 93' lang='lat' dir='ltr'>ut</span> <span class='ocrx_word' id='word_1_162' title='bbox 2564 2296 2978 2378; x_wconf 74' lang='lat' dir='ltr'>Trigintaviii</span> <span class='ocrx_word' id='word_1_163' title='bbox 3034 2319 3075 2364; x_wconf 90' lang='lat' dir='ltr'>e</span> 
     </span>
     <span class='ocr_line' id='line_1_20' title="bbox 719 2396 3074 2482; baseline -0 -17"><span class='ocrx_word' id='word_1_164' title='bbox 719 2403 971 2466; x_wconf 88' lang='lat' dir='ltr'>theatro</span> <span class='ocrx_word' id='word_1_165' title='bbox 1015 2398 1282 2482; x_wconf 86' lang='lat' dir='ltr'>Bacchi,</span> <span class='ocrx_word' id='word_1_166' title='bbox 1339 2397 1512 2462; x_wconf 90' lang='lat' dir='ltr'>unde</span> <span class='ocrx_word' id='word_1_167' title='bbox 1568 2397 1637 2461; x_wconf 93' lang='lat' dir='ltr'>in</span> <span class='ocrx_word' id='word_1_168' title='bbox 1680 2416 1858 2461; x_wconf 91' lang='lat' dir='ltr'>mare</span> <span class='ocrx_word' id='word_1_169' title='bbox 1899 2396 2268 2480; x_wconf 89' lang='lat' dir='ltr'>prospicere</span> <span class='ocrx_word' id='word_1_170' title='bbox 2309 2396 2563 2481; x_wconf 86' lang='lat' dir='ltr'>liceret,</span> <span class='ocrx_word' id='word_1_171' title='bbox 2616 2398 2688 2462; x_wconf 93' lang='lat' dir='ltr'>in</span> <span class='ocrx_word' id='word_1_172' title='bbox 2741 2399 3074 2482; x_wconf 86' lang='lat' dir='ltr'>antiquam</span> 
     </span>
     <span class='ocr_line' id='line_1_21' title="bbox 721 2498 3074 2585; baseline -0.001 -18"><span class='ocrx_word' id='word_1_173' title='bbox 721 2502 1022 2585; x_wconf 82' lang='lat' dir='ltr'>Pnycem,</span> <span class='ocrx_word' id='word_1_174' title='bbox 1069 2500 1241 2566; x_wconf 91' lang='lat' dir='ltr'>unde</span> <span class='ocrx_word' id='word_1_175' title='bbox 1284 2521 1407 2561; x_wconf 81' lang='lat' dir='ltr'>non</span> <span class='ocrx_word' id='word_1_176' title='bbox 1449 2499 1690 2580; x_wconf 86' lang='lat' dir='ltr'>liceret,</span> <span class='ocrx_word' id='word_1_177' title='bbox 1734 2505 2114 2564; x_wconf 84' lang='lat' dir='ltr'>revocarent</span> <span class='ocrx_word' id='word_1_178' title='bbox 2155 2498 2482 2582; x_wconf 84' lang='lat' dir='ltr'>populum,</span> <span class='ocrx_word' id='word_1_179' title='bbox 2535 2499 2730 2583; x_wconf 92' lang='lat' dir='ltr'>idque</span> <span class='ocrx_word' id='word_1_180' title='bbox 2771 2507 2882 2565; x_wconf 91' lang='lat' dir='ltr'>aut</span> <span class='ocrx_word' id='word_1_181' title='bbox 2927 2521 3074 2565; x_wconf 91' lang='lat' dir='ltr'>con-</span> 
     </span>
     <span class='ocr_line' id='line_1_22' title="bbox 720 2599 3072 2694; baseline 0.001 -27"><span class='ocrx_word' id='word_1_182' title='bbox 720 2602 962 2669; x_wconf 87' lang='lat' dir='ltr'>fudisse</span> <span class='ocrx_word' id='word_1_183' title='bbox 1019 2602 1461 2685; x_wconf 87' lang='lat' dir='ltr'>Plutarchum,</span> <span class='ocrx_word' id='word_1_184' title='bbox 1535 2600 1903 2667; x_wconf 85' lang='lat' dir='ltr'>levissimae</span> <span class='ocrx_word' id='word_1_185' title='bbox 1974 2599 2124 2694; x_wconf 88' lang='lat' dir='ltr'>fidei</span> <span class='ocrx_word' id='word_1_186' title='bbox 2194 2599 2551 2683; x_wconf 84' lang='lat' dir='ltr'>hominem,</span> <span class='ocrx_word' id='word_1_187' title='bbox 2626 2609 2738 2667; x_wconf 91' lang='lat' dir='ltr'>aut</span> <span class='ocrx_word' id='word_1_188' title='bbox 2809 2605 3072 2670; x_wconf 74' lang='lat' dir='ltr'>omnino</span> 
     </span>
     <span class='ocr_line' id='line_1_23' title="bbox 723 2702 2454 2788; baseline 0 -20"><span class='ocrx_word' id='word_1_189' title='bbox 723 2705 1157 2788; x_wconf 92' lang='lat' dir='ltr'>imperitorum</span> <span class='ocrx_word' id='word_1_190' title='bbox 1215 2703 1543 2769; x_wconf 88' lang='lat' dir='ltr'>hominum</span> <span class='ocrx_word' id='word_1_191' title='bbox 1601 2703 1923 2769; x_wconf 84' lang='lat' dir='ltr'>recoxisse</span> <span class='ocrx_word' id='word_1_192' title='bbox 1980 2702 2374 2768; x_wconf 91' lang='lat' dir='ltr'>rumusculos</span> <span class='ocrx_word' id='word_1_193' title='bbox 2390 2704 2454 2780; x_wconf 88' lang='lat'>¹).</span> 
     </span>
    </p>
   </div>
   <div class='ocr_carea' id='block_1_3' title="bbox 722 2903 3106 4415">
    <p class='ocr_par' dir='ltr' id='par_1_5' title="bbox 722 2903 3077 3479">
     <span class='ocr_line' id='line_1_24' title="bbox 861 2903 3072 2971; baseline 0 -14"><span class='ocrx_word' id='word_1_194' title='bbox 861 2909 892 2971; x_wconf 84' lang='lat'>¹)</span> <span class='ocrx_word' id='word_1_195' title='bbox 931 2908 992 2959; x_wconf 80' lang='lat' dir='ltr'>V.</span> <span class='ocrx_word' id='word_1_196' title='bbox 1028 2908 1091 2957; x_wconf 92' lang='lat' dir='ltr'>L.</span> <span class='ocrx_word' id='word_1_197' title='bbox 1126 2907 1295 2956; x_wconf 86' lang='lat' dir='ltr'>Rossii</span> <span class='ocrx_word' id='word_1_198' title='bbox 1332 2906 1582 2955; x_wconf 85' lang='lat' dir='ltr'>Theseion</span> <span class='ocrx_word' id='word_1_199' title='bbox 1628 2920 1678 2969; x_wconf 89' lang='lat' dir='ltr'>p.</span> <span class='ocrx_word' id='word_1_200' title='bbox 1718 2903 1823 2956; x_wconf 84' lang='lat' dir='ltr'>XV.</span> <span class='ocrx_word' id='word_1_201' title='bbox 1894 2903 2143 2953; x_wconf 83' lang='lat' dir='ltr'>Similiter</span> <span class='ocrx_word' id='word_1_202' title='bbox 2189 2904 2251 2954; x_wconf 88' lang='lat' dir='ltr'>de</span> <span class='ocrx_word' id='word_1_203' title='bbox 2298 2905 2411 2970; x_wconf 83' lang='lat' dir='ltr'>ipsa</span> <span class='ocrx_word' id='word_1_204' title='bbox 2450 2922 2530 2969; x_wconf 86' lang='lat' dir='ltr'>re,</span> <span class='ocrx_word' id='word_1_205' title='bbox 2581 2921 2731 2970; x_wconf 87' lang='lat' dir='ltr'>quam</span> <span class='ocrx_word' id='word_1_206' title='bbox 2766 2907 3072 2959; x_wconf 85' lang='lat' dir='ltr'>Plutarchus</span> 
     </span>
     <span class='ocr_line' id='line_1_25' title="bbox 723 2989 3071 3057; baseline 0.001 -16"><span class='ocrx_word' id='word_1_207' title='bbox 723 2993 980 3052; x_wconf 84' lang='lat' dir='ltr'>narravit,</span> <span class='ocrx_word' id='word_1_208' title='bbox 1029 2995 1179 3041; x_wconf 87' lang='lat' dir='ltr'>antea</span> <span class='ocrx_word' id='word_1_209' title='bbox 1231 2994 1492 3041; x_wconf 78' lang='lat' dir='ltr'>senserant</span> <span class='ocrx_word' id='word_1_210' title='bbox 1534 2989 1984 3040; x_wconf 82' lang='lat' dir='ltr'>Forchhammerus</span> <span class='ocrx_word' id='word_1_211' title='bbox 2031 2993 2230 3053; x_wconf 83' lang='lat' dir='ltr'>topogr.</span> <span class='ocrx_word' id='word_1_212' title='bbox 2282 2991 2402 3040; x_wconf 85' lang='lat' dir='ltr'>Ath.</span> <span class='ocrx_word' id='word_1_213' title='bbox 2451 3006 2502 3055; x_wconf 85' lang='lat' dir='ltr'>p.</span> <span class='ocrx_word' id='word_1_214' title='bbox 2538 2992 2619 3042; x_wconf 87' lang='lat'>41.</span> <span class='ocrx_word' id='word_1_215' title='bbox 2668 2995 2745 3053; x_wconf 88' lang='lat' dir='ltr'>et,</span> <span class='ocrx_word' id='word_1_216' title='bbox 2797 2994 2888 3057; x_wconf 91' lang='lat' dir='ltr'>qui</span> <span class='ocrx_word' id='word_1_217' title='bbox 2934 2994 3071 3043; x_wconf 83' lang='lat' dir='ltr'>hunc</span> 
     </span>
     <span class='ocr_line' id='line_1_26' title="bbox 725 3073 3075 3141; baseline 0 -14"><span class='ocrx_word' id='word_1_218' title='bbox 725 3079 971 3141; x_wconf 83' lang='lat' dir='ltr'>sequitur,</span> <span class='ocrx_word' id='word_1_219' title='bbox 1007 3078 1164 3126; x_wconf 87' lang='lat' dir='ltr'>Grote</span> <span class='ocrx_word' id='word_1_220' title='bbox 1198 3077 1395 3141; x_wconf 84' lang='lat' dir='ltr'>history</span> <span class='ocrx_word' id='word_1_221' title='bbox 1427 3076 1486 3125; x_wconf 83' lang='lat' dir='ltr'>of</span> <span class='ocrx_word' id='word_1_222' title='bbox 1515 3077 1702 3125; x_wconf 87' lang='lat' dir='ltr'>Greece</span> <span class='ocrx_word' id='word_1_223' title='bbox 1736 3073 1794 3126; x_wconf 84' lang='lat' dir='ltr'>T.</span> <span class='ocrx_word' id='word_1_224' title='bbox 1831 3073 1990 3138; x_wconf 87' lang='lat' dir='ltr'>VIII,</span> <span class='ocrx_word' id='word_1_225' title='bbox 2034 3090 2087 3139; x_wconf 88' lang='lat' dir='ltr'>p.</span> <span class='ocrx_word' id='word_1_226' title='bbox 2123 3076 2239 3126; x_wconf 86' lang='lat'>350.</span> <span class='ocrx_word' id='word_1_227' title='bbox 2290 3074 2475 3138; x_wconf 87' lang='lat' dir='ltr'>quibus</span> <span class='ocrx_word' id='word_1_228' title='bbox 2512 3091 2648 3125; x_wconf 85' lang='lat' dir='ltr'>nunc</span> <span class='ocrx_word' id='word_1_229' title='bbox 2683 3078 2899 3126; x_wconf 84' lang='lat' dir='ltr'>accessit</span> <span class='ocrx_word' id='word_1_230' title='bbox 2932 3078 3075 3127; x_wconf 87' lang='lat' dir='ltr'>Guil.</span> 
     </span>
     <span class='ocr_line' id='line_1_27' title="bbox 722 3159 3077 3224; baseline 0 -13"><span class='ocrx_word' id='word_1_231' title='bbox 722 3160 1028 3223; x_wconf 88' lang='lat' dir='ltr'>Vischerus‚</span> <span class='ocrx_word' id='word_1_232' title='bbox 1076 3161 1269 3210; x_wconf 88' lang='lat' dir='ltr'>amicus</span> <span class='ocrx_word' id='word_1_233' title='bbox 1314 3176 1481 3224; x_wconf 87' lang='lat' dir='ltr'>meus,</span> <span class='ocrx_word' id='word_1_234' title='bbox 1532 3160 1617 3209; x_wconf 86' lang='lat' dir='ltr'>in:</span> <span class='ocrx_word' id='word_1_235' title='bbox 1668 3159 2066 3224; x_wconf 83' lang='lat' dir='ltr'>Erinnerungen</span> <span class='ocrx_word' id='word_1_236' title='bbox 2101 3159 2208 3208; x_wconf 88' lang='lat' dir='ltr'>und</span> <span class='ocrx_word' id='word_1_237' title='bbox 2241 3160 2535 3210; x_wconf 77' lang='lat' dir='ltr'>Eindrucke</span> <span class='ocrx_word' id='word_1_238' title='bbox 2570 3176 2662 3210; x_wconf 85' lang='lat' dir='ltr'>aus</span> <span class='ocrx_word' id='word_1_239' title='bbox 2698 3162 3077 3212; x_wconf 86' lang='lat' dir='ltr'>Griechenland</span> 
     </span>
     <span class='ocr_line' id='line_1_28' title="bbox 725 3244 3075 3311; baseline 0 -14"><span class='ocrx_word' id='word_1_240' title='bbox 725 3263 774 3311; x_wconf 89' lang='lat' dir='ltr'>p.</span> <span class='ocrx_word' id='word_1_241' title='bbox 815 3249 957 3309; x_wconf 59' lang='lat'>115„</span> <span class='ocrx_word' id='word_1_242' title='bbox 1005 3245 1118 3308; x_wconf 88' lang='lat' dir='ltr'>cui,</span> <span class='ocrx_word' id='word_1_243' title='bbox 1170 3261 1326 3310; x_wconf 88' lang='lat' dir='ltr'>quum</span> <span class='ocrx_word' id='word_1_244' title='bbox 1372 3246 1527 3295; x_wconf 88' lang='lat' dir='ltr'>etiam</span> <span class='ocrx_word' id='word_1_245' title='bbox 1564 3248 1741 3294; x_wconf 85' lang='lat' dir='ltr'>contra</span> <span class='ocrx_word' id='word_1_246' title='bbox 1780 3259 1890 3293; x_wconf 89' lang='lat' dir='ltr'>eam</span> <span class='ocrx_word' id='word_1_247' title='bbox 1923 3244 2247 3308; x_wconf 88' lang='lat' dir='ltr'>opinionem,</span> <span class='ocrx_word' id='word_1_248' title='bbox 2301 3260 2453 3309; x_wconf 88' lang='lat' dir='ltr'>quam</span> <span class='ocrx_word' id='word_1_249' title='bbox 2488 3261 2582 3309; x_wconf 87' lang='lat' dir='ltr'>ego</span> <span class='ocrx_word' id='word_1_250' title='bbox 2617 3261 2976 3310; x_wconf 79' lang='lat' dir='ltr'>proposueram</span> <span class='ocrx_word' id='word_1_251' title='bbox 3010 3248 3075 3297; x_wconf 90' lang='lat' dir='ltr'>de</span> 
     </span>
     <span class='ocr_line' id='line_1_29' title="bbox 723 3327 3072 3397; baseline 0 -17"><span class='ocrx_word' id='word_1_252' title='bbox 723 3334 896 3397; x_wconf 85' lang='lat' dir='ltr'>Pnyce</span> <span class='ocrx_word' id='word_1_253' title='bbox 934 3330 1136 3394; x_wconf 90' lang='lat' dir='ltr'>(Opusc.</span> <span class='ocrx_word' id='word_1_254' title='bbox 1173 3331 1217 3382; x_wconf 93' lang='lat' dir='ltr'>I.</span> <span class='ocrx_word' id='word_1_255' title='bbox 1254 3346 1304 3395; x_wconf 90' lang='lat' dir='ltr'>p.</span> <span class='ocrx_word' id='word_1_256' title='bbox 1344 3331 1425 3382; x_wconf 85' lang='lat'>79.</span> <span class='ocrx_word' id='word_1_257' title='bbox 1461 3333 1512 3379; x_wconf 87' lang='lat' dir='ltr'>et</span> <span class='ocrx_word' id='word_1_258' title='bbox 1547 3329 1603 3378; x_wconf 90' lang='lat' dir='ltr'>in</span> <span class='ocrx_word' id='word_1_259' title='bbox 1636 3329 1841 3378; x_wconf 86' lang='lat' dir='ltr'>libello:</span> <span class='ocrx_word' id='word_1_260' title='bbox 1882 3329 1986 3378; x_wconf 86' lang='lat' dir='ltr'>Das</span> <span class='ocrx_word' id='word_1_261' title='bbox 2020 3327 2322 3393; x_wconf 84' lang='lat' dir='ltr'>Pelasgicon</span> <span class='ocrx_word' id='word_1_262' title='bbox 2356 3329 2459 3379; x_wconf 90' lang='lat' dir='ltr'>und</span> <span class='ocrx_word' id='word_1_263' title='bbox 2494 3329 2577 3380; x_wconf 89' lang='lat' dir='ltr'>die</span> <span class='ocrx_word' id='word_1_264' title='bbox 2611 3331 2792 3396; x_wconf 82' lang='lat' dir='ltr'>Pnyx)‚</span> <span class='ocrx_word' id='word_1_265' title='bbox 2827 3332 3072 3395; x_wconf 85' lang='lat' dir='ltr'>quaedam</span> 
     </span>
     <span class='ocr_line' id='line_1_30' title="bbox 725 3413 1704 3479; baseline -0.001 -14"><span class='ocrx_word' id='word_1_266' title='bbox 725 3416 996 3477; x_wconf 84' lang='lat' dir='ltr'>monuerit,</span> <span class='ocrx_word' id='word_1_267' title='bbox 1034 3416 1220 3465; x_wconf 88' lang='lat' dir='ltr'>cursim</span> <span class='ocrx_word' id='word_1_268' title='bbox 1254 3414 1339 3464; x_wconf 90' lang='lat' dir='ltr'>hic</span> <span class='ocrx_word' id='word_1_269' title='bbox 1374 3413 1704 3479; x_wconf 88' lang='lat' dir='ltr'>respondebo.</span> 
     </span>
    </p>

    <p class='ocr_par' dir='ltr' id='par_1_6' title="bbox 727 3495 3106 4415">
     <span class='ocr_line' id='line_1_31' title="bbox 859 3495 3077 3568; baseline 0 -19"><span class='ocrx_word' id='word_1_270' title='bbox 859 3501 1053 3565; x_wconf 84' lang='lat' dir='ltr'>Nempe</span> <span class='ocrx_word' id='word_1_271' title='bbox 1087 3500 1176 3549; x_wconf 88' lang='lat' dir='ltr'>ille</span> <span class='ocrx_word' id='word_1_272' title='bbox 1210 3500 1450 3564; x_wconf 85' lang='lat' dir='ltr'>opinatus</span> <span class='ocrx_word' id='word_1_273' title='bbox 1486 3502 1563 3549; x_wconf 87' lang='lat' dir='ltr'>est</span> <span class='ocrx_word' id='word_1_274' title='bbox 1597 3496 1925 3564; x_wconf 86' lang='lat' dir='ltr'>comprobare</span> <span class='ocrx_word' id='word_1_275' title='bbox 1960 3513 2037 3546; x_wconf 87' lang='lat' dir='ltr'>me</span> <span class='ocrx_word' id='word_1_276' title='bbox 2072 3514 2175 3546; x_wconf 89' lang='lat' dir='ltr'>non</span> <span class='ocrx_word' id='word_1_277' title='bbox 2211 3514 2357 3563; x_wconf 85' lang='lat' dir='ltr'>posse</span> <span class='ocrx_word' id='word_1_278' title='bbox 2403 3495 2466 3548; x_wconf 85' lang='grc' dir='ltr'>τὸ</span> <span class='ocrx_word' id='word_1_279' title='bbox 2504 3501 2682 3568; x_wconf 76' lang='grc' dir='ltr'><strong><em>τεῖχος</em></strong></span> <span class='ocrx_word' id='word_1_280' title='bbox 2714 3496 2778 3549; x_wconf 84' lang='grc' dir='ltr'>τὸ</span> <span class='ocrx_word' id='word_1_281' title='bbox 2814 3498 2939 3567; x_wconf 84' lang='grc' dir='ltr'><strong><em>περὶ</em></strong></span> <span class='ocrx_word' id='word_1_282' title='bbox 2973 3498 3077 3562; x_wconf 75' lang='grc' dir='ltr'>τὴν</span> 
     </span>
     <span class='ocr_line' id='line_1_32' title="bbox 727 3578 3106 3651; baseline 0.002 -18"><span class='ocrx_word' id='word_1_283' title='bbox 727 3578 1027 3651; x_wconf 76' lang='grc' dir='ltr'><strong><em>ἀκρόπολιν</em></strong></span> <span class='ocrx_word' id='word_1_284' title='bbox 1070 3582 1401 3651; x_wconf 72' lang='grc' dir='ltr'><strong><em>ἐληλάμενον</em></strong></span> <span class='ocrx_word' id='word_1_285' title='bbox 1449 3584 1738 3648; x_wconf 83' lang='lat' dir='ltr'>significare</span> <span class='ocrx_word' id='word_1_286' title='bbox 1791 3584 1847 3634; x_wconf 91' lang='lat' dir='ltr'>id</span> <span class='ocrx_word' id='word_1_287' title='bbox 1899 3583 2035 3647; x_wconf 90' lang='lat' dir='ltr'>quod</span> <span class='ocrx_word' id='word_1_288' title='bbox 2085 3582 2223 3632; x_wconf 81' lang='lat' dir='ltr'>volui</span> <span class='ocrx_word' id='word_1_289' title='bbox 2278 3584 2371 3646; x_wconf 87' lang='lat' dir='ltr'>„in</span> <span class='ocrx_word' id='word_1_290' title='bbox 2414 3584 2620 3649; x_wconf 84' lang='lat' dir='ltr'>regione</span> <span class='ocrx_word' id='word_1_291' title='bbox 2666 3586 2839 3636; x_wconf 86' lang='lat' dir='ltr'>vicina</span> <span class='ocrx_word' id='word_1_292' title='bbox 2889 3587 3106 3644; x_wconf 59' lang='lat' dir='ltr'>arcisf‘,</span> 
     </span>
     <span class='ocr_line' id='line_1_33' title="bbox 727 3668 3076 3744; baseline 0.002 -27"><span class='ocrx_word' id='word_1_293' title='bbox 727 3668 922 3725; x_wconf 80' lang='lat' dir='ltr'>Quidni</span> <span class='ocrx_word' id='word_1_294' title='bbox 971 3670 1198 3732; x_wconf 78' lang='lat' dir='ltr'>possim?</span> <span class='ocrx_word' id='word_1_295' title='bbox 1268 3669 1480 3719; x_wconf 87' lang='lat' dir='ltr'>Scilicet</span> <span class='ocrx_word' id='word_1_296' title='bbox 1524 3684 1635 3718; x_wconf 89' lang='lat' dir='ltr'>non</span> <span class='ocrx_word' id='word_1_297' title='bbox 1681 3673 1865 3734; x_wconf 84' lang='lat' dir='ltr'>potero</span> <span class='ocrx_word' id='word_1_298' title='bbox 1899 3668 2201 3733; x_wconf 87' lang='lat' dir='ltr'>persuadere</span> <span class='ocrx_word' id='word_1_299' title='bbox 2234 3668 2301 3718; x_wconf 85' lang='lat' dir='ltr'>iis</span> <span class='ocrx_word' id='word_1_300' title='bbox 2337 3669 2427 3733; x_wconf 89' lang='lat' dir='ltr'>qui</span> <span class='ocrx_word' id='word_1_301' title='bbox 2461 3669 2810 3744; x_wconf 79' lang='lat' dir='ltr'>„pelasgicum</span> <span class='ocrx_word' id='word_1_302' title='bbox 2842 3674 3076 3722; x_wconf 87' lang='lat' dir='ltr'>murum“</span> 
     </span>
     <span class='ocr_line' id='line_1_34' title="bbox 727 3752 3076 3819; baseline 0.001 -16"><span class='ocrx_word' id='word_1_303' title='bbox 727 3756 802 3803; x_wconf 88' lang='lat' dir='ltr'>sic</span> <span class='ocrx_word' id='word_1_304' title='bbox 846 3754 1063 3814; x_wconf 83' lang='lat' dir='ltr'>dictum,</span> <span class='ocrx_word' id='word_1_305' title='bbox 1115 3770 1264 3819; x_wconf 88' lang='lat' dir='ltr'>quem</span> <span class='ocrx_word' id='word_1_306' title='bbox 1308 3757 1472 3803; x_wconf 85' lang='lat' dir='ltr'>totum</span> <span class='ocrx_word' id='word_1_307' title='bbox 1517 3753 1651 3803; x_wconf 77' lang='lat' dir='ltr'>arcis</span> <span class='ocrx_word' id='word_1_308' title='bbox 1685 3754 1999 3803; x_wconf 82' lang='lat' dir='ltr'>Athenarum</span> <span class='ocrx_word' id='word_1_309' title='bbox 2048 3752 2294 3803; x_wconf 88' lang='lat' dir='ltr'>circulum</span> <span class='ocrx_word' id='word_1_310' title='bbox 2340 3753 2464 3803; x_wconf 91' lang='lat' dir='ltr'>olim</span> <span class='ocrx_word' id='word_1_311' title='bbox 2503 3755 2891 3806; x_wconf 83' lang='lat' dir='ltr'>circumdedisse</span> <span class='ocrx_word' id='word_1_312' title='bbox 2926 3772 3076 3806; x_wconf 89' lang='lat' dir='ltr'>nemo</span> 
     </span>
     <span class='ocr_line' id='line_1_35' title="bbox 728 3837 3078 3903; baseline 0.002 -16"><span class='ocrx_word' id='word_1_313' title='bbox 728 3837 878 3887; x_wconf 89' lang='lat' dir='ltr'>hodie</span> <span class='ocrx_word' id='word_1_314' title='bbox 927 3837 1089 3887; x_wconf 89' lang='lat' dir='ltr'>credit</span> <span class='ocrx_word' id='word_1_315' title='bbox 1136 3844 1200 3901; x_wconf 79' lang='lat' dir='ltr'>(v,</span> <span class='ocrx_word' id='word_1_316' title='bbox 1238 3838 1482 3890; x_wconf 83' lang='lat' dir='ltr'>Herodot.</span> <span class='ocrx_word' id='word_1_317' title='bbox 1509 3837 1629 3901; x_wconf 87' lang='lat' dir='ltr'>VII,</span> <span class='ocrx_word' id='word_1_318' title='bbox 1678 3840 1841 3901; x_wconf 68' lang='lat'>142),</span> <span class='ocrx_word' id='word_1_319' title='bbox 1891 3839 1947 3887; x_wconf 86' lang='lat' dir='ltr'>in</span> <span class='ocrx_word' id='word_1_320' title='bbox 1996 3837 2301 3888; x_wconf 77' lang='lat' dir='ltr'>occidentali</span> <span class='ocrx_word' id='word_1_321' title='bbox 2348 3842 2494 3903; x_wconf 87' lang='lat' dir='ltr'>parte</span> <span class='ocrx_word' id='word_1_322' title='bbox 2539 3839 2673 3889; x_wconf 88' lang='lat' dir='ltr'>arcis</span> <span class='ocrx_word' id='word_1_323' title='bbox 2718 3841 2875 3891; x_wconf 86' lang='lat' dir='ltr'>situm</span> <span class='ocrx_word' id='word_1_324' title='bbox 2919 3842 3078 3892; x_wconf 83' lang='lat' dir='ltr'>fuisse</span> 
     </span>
     <span class='ocr_line' id='line_1_36' title="bbox 727 3917 3080 3993; baseline 0.003 -21"><span class='ocrx_word' id='word_1_325' title='bbox 727 3917 1126 3973; x_wconf 85' lang='lat' dir='ltr'>hallucinantur.</span> <span class='ocrx_word' id='word_1_326' title='bbox 1193 3921 1308 3971; x_wconf 85' lang='lat' dir='ltr'>Hoc</span> <span class='ocrx_word' id='word_1_327' title='bbox 1353 3939 1470 3973; x_wconf 83' lang='lat' dir='ltr'>vero</span> <span class='ocrx_word' id='word_1_328' title='bbox 1518 3922 1807 3987; x_wconf 83' lang='lat' dir='ltr'>significare</span> <span class='ocrx_word' id='word_1_329' title='bbox 1853 3938 2002 3987; x_wconf 88' lang='lat' dir='ltr'>posse</span> <span class='ocrx_word' id='word_1_330' title='bbox 2047 3923 2103 3972; x_wconf 89' lang='lat' dir='ltr'>id</span> <span class='ocrx_word' id='word_1_331' title='bbox 2143 3923 2277 3987; x_wconf 90' lang='lat' dir='ltr'>quod</span> <span class='ocrx_word' id='word_1_332' title='bbox 2310 3922 2597 3972; x_wconf 86' lang='lat' dir='ltr'>Hecataeus</span> <span class='ocrx_word' id='word_1_333' title='bbox 2633 3923 2765 3974; x_wconf 82' lang='lat' dir='ltr'>dixit</span> <span class='ocrx_word' id='word_1_334' title='bbox 2798 3922 2861 3975; x_wconf 84' lang='grc' dir='ltr'>τὸ</span> <span class='ocrx_word' id='word_1_335' title='bbox 2897 3928 3080 3993; x_wconf 79' lang='grc' dir='ltr'><strong><em>τεῖχος</em></strong></span> 
     </span>
     <span class='ocr_line' id='line_1_37' title="bbox 729 4000 3076 4075; baseline 0.001 -17"><span class='ocrx_word' id='word_1_336' title='bbox 729 4005 792 4058; x_wconf 84' lang='grc' dir='ltr'>τὸ</span> <span class='ocrx_word' id='word_1_337' title='bbox 829 4004 952 4074; x_wconf 81' lang='grc' dir='ltr'><strong><em>περὶ</em></strong></span> <span class='ocrx_word' id='word_1_338' title='bbox 987 4003 1089 4068; x_wconf 81' lang='grc' dir='ltr'>τὴν</span> <span class='ocrx_word' id='word_1_339' title='bbox 1122 4000 1419 4074; x_wconf 79' lang='grc' dir='ltr'><em>ἀκρόπολίν</em></span> <span class='ocrx_word' id='word_1_340' title='bbox 1452 4024 1584 4058; x_wconf 82' lang='grc' dir='ltr'><em>ποτε</em></span> <span class='ocrx_word' id='word_1_341' title='bbox 1620 4002 1949 4075; x_wconf 78' lang='grc' dir='ltr'><em>ἐληλάμενον</em></span> <span class='ocrx_word' id='word_1_342' title='bbox 1981 4024 2110 4072; x_wconf 84' lang='lat' dir='ltr'>nego</span> <span class='ocrx_word' id='word_1_343' title='bbox 2145 4024 2203 4058; x_wconf 88' lang='lat' dir='ltr'>ac</span> <span class='ocrx_word' id='word_1_344' title='bbox 2240 4024 2488 4073; x_wconf 76' lang='lat' dir='ltr'>perneg03</span> <span class='ocrx_word' id='word_1_345' title='bbox 2526 4008 2601 4057; x_wconf 86' lang='lat' dir='ltr'>sic</span> <span class='ocrx_word' id='word_1_346' title='bbox 2635 4008 2773 4059; x_wconf 89' lang='lat' dir='ltr'>enim</span> <span class='ocrx_word' id='word_1_347' title='bbox 2804 4009 3076 4060; x_wconf 88' lang='lat' dir='ltr'>dicendum</span> 
     </span>
     <span class='ocr_line' id='line_1_38' title="bbox 728 4088 3079 4163; baseline 0.002 -21"><span class='ocrx_word' id='word_1_348' title='bbox 728 4093 908 4142; x_wconf 86' lang='lat' dir='ltr'>fuisset</span> <span class='ocrx_word' id='word_1_349' title='bbox 942 4098 1031 4142; x_wconf 87' lang='lat' dir='ltr'>aut</span> <span class='ocrx_word' id='word_1_350' title='bbox 1066 4088 1128 4142; x_wconf 84' lang='grc' dir='ltr'>τὸ</span> <span class='ocrx_word' id='word_1_351' title='bbox 1168 4094 1345 4159; x_wconf 77' lang='grc' dir='ltr'><strong><em>τεῖχος</em></strong></span> <span class='ocrx_word' id='word_1_352' title='bbox 1393 4088 1455 4141; x_wconf 85' lang='grc' dir='ltr'>τὸ</span> <span class='ocrx_word' id='word_1_353' title='bbox 1490 4088 1599 4161; x_wconf 83' lang='grc' dir='ltr'>πρὸ</span> <span class='ocrx_word' id='word_1_354' title='bbox 1638 4094 1734 4154; x_wconf 82' lang='grc' dir='ltr'>τῆς</span> <span class='ocrx_word' id='word_1_355' title='bbox 1769 4088 2095 4161; x_wconf 76' lang='grc' dir='ltr'><strong><em>ἂκρόπολιός</em></strong></span> <span class='ocrx_word' id='word_1_356' title='bbox 2129 4109 2261 4144; x_wconf 80' lang='grc' dir='ltr'><em>ποτε</em></span> <span class='ocrx_word' id='word_1_357' title='bbox 2294 4088 2647 4156; x_wconf 77' lang='grc' dir='ltr'><em>ἐληλάμενον,</em></span> <span class='ocrx_word' id='word_1_358' title='bbox 2696 4100 2787 4145; x_wconf 87' lang='lat' dir='ltr'>aut</span> <span class='ocrx_word' id='word_1_359' title='bbox 2832 4091 2894 4145; x_wconf 86' lang='grc' dir='ltr'>τὸ</span> <span class='ocrx_word' id='word_1_360' title='bbox 2941 4112 3079 4163; x_wconf 84' lang='grc' dir='ltr'><strong><em>προ-</em></strong></span> 
     </span>
     <span class='ocr_line' id='line_1_39' title="bbox 729 4170 3079 4250; baseline 0.001 -23"><span class='ocrx_word' id='word_1_361' title='bbox 729 4174 984 4245; x_wconf 83' lang='grc' dir='ltr'><strong><em>τείχισμα</em></strong></span> <span class='ocrx_word' id='word_1_362' title='bbox 1019 4177 1115 4239; x_wconf 81' lang='grc' dir='ltr'>τῆς</span> <span class='ocrx_word' id='word_1_363' title='bbox 1149 4170 1502 4246; x_wconf 81' lang='grc' dir='ltr'><strong><em>ἀκροπόλιος,</em></strong></span> <span class='ocrx_word' id='word_1_364' title='bbox 1552 4174 1643 4226; x_wconf 64' lang='lat' dir='ltr'>dut</span> <span class='ocrx_word' id='word_1_365' title='bbox 1684 4173 1745 4227; x_wconf 85' lang='grc' dir='ltr'>τὸ</span> <span class='ocrx_word' id='word_1_366' title='bbox 1785 4179 1963 4245; x_wconf 80' lang='grc' dir='ltr'><strong><em>τεῖχος</em></strong></span> <span class='ocrx_word' id='word_1_367' title='bbox 1997 4174 2059 4229; x_wconf 82' lang='grc' dir='ltr'>τὸ</span> <span class='ocrx_word' id='word_1_368' title='bbox 2096 4175 2221 4245; x_wconf 82' lang='grc' dir='ltr'><strong><em>περὶ</em></strong></span> <span class='ocrx_word' id='word_1_369' title='bbox 2258 4174 2356 4239; x_wconf 78' lang='grc' dir='ltr'>τὴν</span> <span class='ocrx_word' id='word_1_370' title='bbox 2387 4173 2586 4229; x_wconf 79' lang='grc' dir='ltr'><em>ἔσοδον</em></span> <span class='ocrx_word' id='word_1_371' title='bbox 2622 4179 2717 4241; x_wconf 79' lang='grc' dir='ltr'>τῆς</span> <span class='ocrx_word' id='word_1_372' title='bbox 2751 4174 3079 4250; x_wconf 79' lang='grc' dir='ltr'><strong><em>ἆκροπόλιός</em></strong></span> 
     </span>
     <span class='ocr_line' id='line_1_40' title="bbox 727 4258 3077 4330; baseline 0.003 -18"><span class='ocrx_word' id='word_1_373' title='bbox 727 4278 862 4313; x_wconf 86' lang='grc' dir='ltr'><em>ποτε</em></span> <span class='ocrx_word' id='word_1_374' title='bbox 910 4258 1252 4330; x_wconf 73' lang='grc' dir='ltr'>ἐληλάμενον.</span> <span class='ocrx_word' id='word_1_375' title='bbox 1331 4262 1445 4325; x_wconf 85' lang='lat' dir='ltr'>Ego</span> <span class='ocrx_word' id='word_1_376' title='bbox 1498 4277 1614 4311; x_wconf 87' lang='lat' dir='ltr'>vero</span> <span class='ocrx_word' id='word_1_377' title='bbox 1665 4262 1712 4311; x_wconf 89' lang='lat' dir='ltr'>si</span> <span class='ocrx_word' id='word_1_378' title='bbox 1760 4262 1869 4312; x_wconf 83' lang='lat' dir='ltr'>dixi</span> <span class='ocrx_word' id='word_1_379' title='bbox 1920 4263 2167 4314; x_wconf 84' lang='lat' dir='ltr'>Hecataei</span> <span class='ocrx_word' id='word_1_380' title='bbox 2216 4263 2366 4314; x_wconf 84' lang='lat' dir='ltr'>verba</span> <span class='ocrx_word' id='word_1_381' title='bbox 2417 4263 2731 4327; x_wconf 82' lang='lat' dir='ltr'>significare:</span> <span class='ocrx_word' id='word_1_382' title='bbox 2790 4267 2870 4317; x_wconf 82' lang='lat' dir='ltr'>die</span> <span class='ocrx_word' id='word_1_383' title='bbox 2915 4267 3077 4329; x_wconf 74' lang='lat' dir='ltr'>Peste,</span> 
     </span>
     <span class='ocr_line' id='line_1_41' title="bbox 727 4346 3078 4415; baseline 0.001 -17"><span class='ocrx_word' id='word_1_384' title='bbox 727 4347 905 4398; x_wconf 78' lang='lat' dir='ltr'>welche</span> <span class='ocrx_word' id='word_1_385' title='bbox 950 4349 1020 4398; x_wconf 81' lang='lat' dir='ltr'>sie</span> <span class='ocrx_word' id='word_1_386' title='bbox 1068 4350 1117 4398; x_wconf 80' lang='lat' dir='ltr'>in</span> <span class='ocrx_word' id='word_1_387' title='bbox 1166 4347 1293 4398; x_wconf 81' lang='lat' dir='ltr'>alter</span> <span class='ocrx_word' id='word_1_388' title='bbox 1327 4346 1441 4397; x_wconf 79' lang='lat' dir='ltr'>Zeit</span> <span class='ocrx_word' id='word_1_389' title='bbox 1487 4347 1538 4397; x_wconf 81' lang='lat' dir='ltr'>in</span> <span class='ocrx_word' id='word_1_390' title='bbox 1585 4348 1673 4398; x_wconf 81' lang='lat' dir='ltr'>der</span> <span class='ocrx_word' id='word_1_391' title='bbox 1706 4346 1855 4398; x_wconf 74' lang='lat' dir='ltr'>Nc&#39;ihe</span> <span class='ocrx_word' id='word_1_392' title='bbox 1891 4349 1979 4400; x_wconf 85' lang='lat' dir='ltr'>der</span> <span class='ocrx_word' id='word_1_393' title='bbox 2011 4348 2271 4414; x_wconf 80' lang='lat' dir='ltr'>Acropolis</span> <span class='ocrx_word' id='word_1_394' title='bbox 2320 4350 2609 4415; x_wconf 62' lang='lat' dir='ltr'>ausyefizhrt</span> <span class='ocrx_word' id='word_1_395' title='bbox 2653 4352 2705 4399; x_wconf 82' lang='lat' dir='ltr'>et</span> <span class='ocrx_word' id='word_1_396' title='bbox 2750 4365 2927 4413; x_wconf 78' lang='lat' dir='ltr'>graece</span> <span class='ocrx_word' id='word_1_397' title='bbox 2976 4351 3078 4401; x_wconf 81' lang='lat' dir='ltr'>hoc</span> 
     </span>
    </p>
   </div>
   <div class='ocr_carea' id='block_1_4' title="bbox 3484 88 3490 611">
    <p class='ocr_par' dir='ltr' id='par_1_7' title="bbox 3484 88 3490 611">
     <span class='ocr_line' id='line_1_42' title="bbox 3484 88 3490 611; baseline 0 0"><span class='ocrx_word' id='word_1_398' title='bbox 3484 88 3490 611; x_wconf 95' lang='lat' dir='ltr'> </span> 
     </span>
    </p>
   </div>
   <div class='ocr_carea' id='block_1_5' title="bbox 3481 4095 3493 5139">
    <p class='ocr_par' dir='ltr' id='par_1_8' title="bbox 3481 4095 3493 5139">
     <span class='ocr_line' id='line_1_43' title="bbox 3481 4095 3493 5139; baseline 0 0"><span class='ocrx_word' id='word_1_399' title='bbox 3481 4095 3493 5139; x_wconf 95' lang='lat' dir='ltr'> </span> 
     </span>
    </p>
   </div>
  </div>
 </body>
</html>
