3499 5219
1658 436 2142 497 —4--.

724 605 913 673 huius
956 609 1233 689 patrem,
1282 603 1646 669 Nicolaum
1688 602 2056 685 StigeIium,
2134 621 2250 685 per
2288 600 2552 684 aliqwd
2603 606 2856 683 tempus
2907 598 3073 665 ludi·

722 705 1097 790 magistrum
1138 705 1337 770 fuisse
1380 703 1731 769 Frimariae
1779 705 2116 786 ipsumque
2170 709 2398 787 postea
2438 703 2774 786 Stigelium
2826 703 3072 768 institu-

720 811 900 876 tione
937 822 1125 875 usum
1167 806 1476 872 Iohannis
1514 804 1846 871 Chiomnsi
1888 806 2006 884 (sic
2043 800 2544 888 Schneesingius
2598 824 2834 873 nomen
2885 825 3069 873 suum

721 928 952 995 graece
993 910 1407 989 mutaverat),
1483 908 1899 974 ecclesiastici
1941 907 2392 974 Frimariensis
2403 956 2436 990 ,.
2494 915 2626 975 tam
2668 906 3072 973 abundanter

724 1012 1075 1094 enarravit,
1123 1017 1194 1077 ut
1235 1015 1548 1094 appareat
1590 1029 1782 1091 quam
1824 1009 2023 1077 vellet
2065 1009 2402 1092 Stigelium
2444 1008 2532 1077 ad
2574 1029 2755 1075 suam
2796 1009 3069 1093 patriam

700 1110 981 1199 'prorsus
1022 1113 1314 1178 attinere.
1403 1111 1731 1176 Chiomusi
1775 1110 2158 1194 discipulum
2196 1110 2393 1177 fuisse
2436 1111 2771 1194 Stigelium
2815 1132 2895 1177 ex
2939 1131 3071 1176 car-

619 1225 634 1238 ·
720 1216 1000 1282 minibus
1044 1212 1426 1298 quibusdam
1469 1213 1840 1296 Stigelianis
1884 1212 2226 1278 concludit.
2247 1214 2290 1291 ²)
2352 1208 2481 1280 Sed
2524 1213 2594 1278 in
2637 1214 2738 1279 his
2781 1214 3071 1279 carmini-

721 1318 861 1400 bus,
893 1337 1159 1401 quorum
1190 1315 1460 1382 alterum
1492 1320 1574 1395 (a.
1613 1318 1773 1380 1553
1808 1313 2072 1392 editum)
2102 1314 2494 1381 inscribitur:
2540 1315 2688 1398 „Ad
2711 1314 3067 1380 Iohannem

724 1419 1135 1486 Chiomusum
1176 1418 1450 1483 amicum
1493 1436 1677 1484 suum
1733 1416 2173 1481 carissimum“
2187 1466 2203 1498 ,
2276 1435 2362 1483 ne
2416 1418 2755 1500 vestigium
2810 1414 3068 1499 quidem

718 1522 888 1587 inest
943 1519 1322 1603 disciplinae
1381 1518 1873 1584 Chiomusanae.
1972 1519 2059 1583 At
2112 1518 2368 1585 tertium
2422 1525 2757 1603 praeterea
2809 1537 3067 1584 carmen

718 1623 973 1706 Stigelii
1002 1622 1313 1687 habemus
1343 1620 1431 1685 ad
1461 1619 1930 1697 Chiomusum2)
1976 1620 2147 1702 quod
2175 1620 2491 1704 integrum
2518 1622 2836 1687 ascribere
2868 1620 3065 1702 lubet,

719 1731 790 1790 ut
830 1745 1023 1808 quam
1062 1742 1208 1791 sero
1249 1723 1321 1786 in
1363 1721 1690 1787 Chiomusi
1743 1722 2037 1789 notitiam
2091 1724 2342 1789 venerit
2380 1723 2685 1805 Stigelius
2736 1730 3065 1807 appareat.

1028 1876 1219 1952 Quam
1260 1876 1433 1955 legis,
1476 1875 1772 1953 interpres
1815 1877 2002 1937 sancti
2043 1877 2352 1954 purissime
2397 1876 2634 1956 Christi,

1109 1963 1165 2022 A
1207 1965 1378 2039 patre
1422 1965 1482 2020 et
1523 1963 1661 2020 nato
1704 1960 1904 2022 littera
1946 1962 2122 2022 missa
2163 1961 2344 2040 venit,

1025 2047 1289 2121 Quorum
1332 2045 1434 2105 ille
1479 2050 1569 2105 est
1611 2046 1793 2123 longa
1833 2047 1941 2106 tibi
1983 2047 2405 2107 consuetudine
2432 2036 2699 2126 iunctus,

1106 2132 1219 2192 Hic
1261 2130 1371 2191 tibi
1416 2149 1594 2207 quam
1632 2150 1796 2192 nunc
1838 2137 1929 2192 est
1968 2132 2223 2192 iunctior
2264 2150 2393 2192 esse
2436 2133 2616 2208 cupit.

1025 2218 1309 2279 Venimus
1351 2216 1427 2275 ad
1470 2216 1657 2276 vestri
1696 2217 1975 2279 flaventia
2017 2218 2256 2277 flumina
2297 2216 2493 2293 Nessi,

1110 2303 1265 2362 Hinc
1309 2300 1411 2361 ubi
1452 2299 1794 2361 fructiferos
1837 2303 2060 2381 proluit
2100 2303 2282 2362 Ilmus
2325 2320 2521 2379 agros.

1026 2386 1158 2462 Quo
1202 2387 1279 2446 sit
1320 2385 1436 2445 iter
1479 2386 1646 2445 nobis
1691 2384 1741 2445 si
1788 2387 2045 2466 quaeris,
2089 2387 2380 2446 tendimus
2424 2387 2565 2445 illuc

1114 2470 1307 2532 Gotha
1349 2470 1458 2530 sub
1503 2470 1703 2547 aprico
1749 2490 1869 2548 qua
1912 2472 2025 2531 sita
2068 2473 2219 2531 colle
2261 2472 2432 2531 iacet.

1024 2557 1106 2617 At
1149 2553 1427 2633 quoniam
1466 2555 1724 2616 occiduis
1766 2557 2142 2618 tenebrarum
2184 2556 2435 2618 nuncius
2475 2555 2647 2617 undis

1016 2685 1021 2690 -
1112 2641 1329 2701 Elevat
1368 2642 1653 2701 obscuros
1692 2642 1999 2719 Hesperus
2042 2648 2208 2704 ortus
2251 2660 2436 2719 equos

1028 2727 1341 2804 Fallimur,
1385 2730 1445 2786 et
1484 2744 1605 2788 non
1648 2731 1737 2786 est
1778 2728 2030 2804 positam
2074 2728 2415 2805 contingere
2460 2731 2693 2806 metam,

1113 2809 1422 2887 Quamque
1467 2816 1649 2887 queat
1688 2813 1900 2890 peragi
1943 2813 2178 2890 longius
2220 2813 2400 2875 instat
2442 2813 2573 2872 iter.

1030 2896 1326 2973 Excipere
1370 2896 1623 2972 hospitio
1666 2916 1742 2956 ne
1787 2897 2126 2975 dedigneris
2169 2899 2404 2976 amicos,

1107 2979 1226 3054 Qui
1270 2984 1329 3041 te
1373 2981 1638 3041 sincerae
1682 2981 1923 3042 foedere
1968 2984 2176 3044 mentis
2219 2988 2433 3043 amant.

1022 3066 1142 3128 Sed
1191 3084 1388 3142 neque
1431 3066 1596 3126 lauta
1636 3067 1809 3127 nimis
1853 3086 1964 3128 nec
2006 3068 2237 3129 fercula
2277 3070 2462 3130 multa
2504 3066 2764 3145 parabis,

1112 3152 1250 3211 Non
1292 3151 1384 3211 his
1429 3151 1656 3212 deliciis
1698 3153 1875 3213 obvia
1916 3155 2093 3214 turba
2135 3173 2353 3214 sumus.

1020 3235 1132 3297 Nil
1175 3236 1336 3296 aliud
1379 3235 1645 3313 cupimus
1689 3255 1868 3313 quam
1912 3243 1978 3298 ut
2017 3243 2077 3298 te
2119 3242 2434 3316 praesente
2478 3237 2764 3315 fruamur,

1113 3321 1177 3381 Si
1219 3321 1393 3380 datur
1435 3321 1786 3381 incolumem
1823 3341 2003 3400 posse
2046 3323 2249 3384 videre
2292 3327 2384 3384 sat
2425 3327 2533 3383 est.

720 3468 847 3546 Qui
890 3473 1074 3552 pater
1114 3469 1184 3535 in
1227 3470 1351 3536 hoc
1394 3472 1675 3537 carmine
1722 3473 1952 3540 dicitur
1994 3482 2092 3540 est
2134 3476 2273 3541 Nic.
2319 3474 2624 3558 Stigelius
2638 3523 2654 3556 ‚
2730 3476 2839 3558 qui
2879 3482 3070 3541 natus

720 3569 979 3653 dicitur,
1058 3577 1157 3638 est
1214 3571 1557 3642 Iohannes.
1646 3575 1895 3641 Licebit
1939 3557 2148 3659 igitur
2200 3578 2269 3642 in
2324 3584 2648 3662 posterum
2704 3575 3070 3644 Gothanum

720 3671 936 3740 dicere
978 3672 1337 3758 Stigelium,
1379 3695 1511 3740 non
1553 3676 2064 3746 Frimariensem.

890 3773 1096 3840 Natus
1148 3783 1249 3842 est
1302 3775 1608 3860 Stigelius
1658 3778 1735 3842 A.
1782 3780 2038 3844 MDXV
2082 3779 2144 3845 d.
2189 3781 2357 3846 XIII
2399 3782 2583 3863 Maii,
2659 3801 2853 3865 quum
2906 3783 3070 3848 libra

718 3882 892 3942 esset
930 3875 1001 3940 in
1043 3875 1420 3960 horoscopio
1464 3879 1627 3944 sicut
1669 3887 1809 3945 erat
1848 3880 1917 3945 in
1946 3882 2457 3949 Melanchthonis
2499 3884 2721 3949 natali.
2734 3884 2781 3961 ³)
2849 3887 3070 3950 Testa-

718 3983 824 4044 tur
868 3975 1039 4043 diem
1083 3979 1221 4044 eius
1266 3979 1476 4062 elegia
1515 3981 1627 4046 lib.
1674 3982 1851 4063 VIII,
1906 3986 2001 4048 18.
2017 3984 2066 4060 ⁴)
2108 4003 2249 4048 cum
2291 3984 2413 4049 hac
2453 3984 2898 4070 inscriptione:
2954 3998 2959 4003 '

857 4214 894 4278 ¹)
931 4213 986 4264 Τ.
1024 4216 1066 4265 Ι.
1102 4215 1136 4267 f.
1174 4218 1308 4279 236,
1344 4216 1378 4266 f.
1416 4218 1531 4269 284.
1642 4218 1707 4282 -²)
1744 4217 1804 4269 Τ.
1837 4218 1897 4270 11.
1935 4219 1971 4270 f.
2011 4223 2126 4273 190.
2263 4220 2301 4279 ⁸)
2336 4221 2398 4275 V.
2435 4223 2477 4272 1.
2512 4223 2735 4275 Fincelii
2769 4223 3066 4276 orationem.

720 4296 762 4361 ¹)
798 4297 1419 4365 '1⁸.1.p.320.v.1dm
1452 4302 1561 4353 dien
1594 4303 1836 4357 eiusdem·
1854 4305 1977 4355 anni
2013 4305 2271 4357 indicatus
2305 4310 2383 4358 est
2416 4306 2473 4358 in
2507 4308 2656 4358 icone
2683 4308 2905 4373 Stigelii,
2940 4323 3070 4412 quae

721 4388 1008 4435 asservatur
1040 4384 1096 4435 in
1131 4384 1444 4437 bibliotheca
1478 4386 1852 4439 Vniversitatis.
