3499 5219
1663 462 1795 467 ῃ-
1885 425 2008 487 244
2122 458 2227 465 ’-

773 595 975 661 verba
1013 587 1368 678 Ἱππάρχου
1418 588 1691 678 ἐραστής
1747 610 1827 658 ea
1868 591 2298 675 sequebantur
2341 609 2505 672 quae
2548 590 2814 655 Photius
2858 592 3122 680 praebet
3176 588 3185 593 “

774 718 836 761 V.
874 694 1297 780 τρικέφαλοι;
1341 694 1681 759 Bekkerus
1724 701 1938 758 autem
1982 699 2184 758 totum
2213 691 2738 777 Harpocrationis
2779 692 2991 757 locum
3033 694 3121 759 sic

778 798 1172 865 decurtatum
1230 795 1463 877 edidit,
1533 795 1736 860 altero
1806 794 2019 859 Photii
2077 795 2218 860 loco
2277 815 2421 860 cum
2478 794 2683 860 altero
2741 795 3119 877 composito:

775 897 1317 983 τρικέφαλος·
1370 890 1606 972 Ἰσαῖος
1665 893 1732 960 ἒν
1775 896 1868 980 τῷ
1913 895 2084 979 πρὸς
2127 890 2504 980 Εὐκλείδην·
2548 893 2825 977 ,,μικρὸν
2871 890 2939 959 δ’
2988 893 3119 960 ἄνω

775 1002 894 1064 τοῦ
940 997 1337 1085 τρικεφάλου
1377 994 1608 1086 Ἑρμοῦ
1651 994 1839 1079 παρὰ
1883 993 2000 1083 τήν
2024 992 2279 1062 Ἑστίαν
2327 990 2525 1061 ὃδόν“
2569 994 2646 1059 τὸ
2694 995 2941 1081 πλῆρές
2987 993 3122 1062 ἔστι

775 1103 895 1166 τοῦ
939 1099 1338 1186 τρικεφάλου
1379 1095 1637 1183 Ἑρμοῦ.
1698 1099 1932 1163 τοῦτον
1994 1100 2067 1164 δέ
2127 1121 2294 1184 φησι
2342 1097 2710 1181 Φιλόχορος
2769 1095 2838 1164 ἓν
2894 1098 2950 1183 γ’
2997 1092 3123 1163 Εὖ-

775 1204 1034 1288 κλείδην
1082 1205 1148 1283 (l.
1197 1197 1629 1287 Προκλείδην)
1677 1194 2034 1266 ἀναθεῖναι
2068 1194 2473 1286 Ἀγκύλησιν.
2574 1200 2706 1267 Sed
2763 1221 2956 1284 quum
3014 1222 3127 1285 per

776 1325 847 1372 se
889 1305 1186 1372 videatur
1243 1301 1536 1389 apertum
1595 1322 1737 1369 esse
1796 1304 1995 1369 verba
2053 1306 2286 1368 τοῦτον
2339 1301 2412 1369 δὲ
2454 1329 2508 1367 κ.
2555 1328 2611 1366 τ.
2660 1303 2715 1367 λ.
2761 1324 2895 1368 non
2937 1324 3126 1387 posse

751 1407 1098 1491 pertinere
1141 1406 1228 1472 ad
1269 1406 1649 1471 Mercurium
1704 1405 2052 1488 urbanum,
2116 1406 2198 1471 (16
2241 1427 2363 1488 quo
2409 1405 2658 1470 dixerat
2698 1406 2921 1471 Isaeus
2936 1454 2954 1488 ‚
3013 1405 3127 1472 sed

775 1509 860 1573 ad
919 1510 1116 1574 alium
1175 1508 1610 1573 suburbanum
1670 1508 1779 1590 qui
1834 1507 1902 1571 in
1946 1513 2114 1591 pago
2157 1508 2409 1593 Ancyle
2452 1514 2697 1574 erectus
2740 1513 2879 1573 erat
2893 1555 2910 1590 ‚
2970 1508 3128 1573 Har-

774 1611 1209 1694 pocrationem
1266 1617 1565 1694 putamus
1625 1610 1959 1693 scripsisse
2017 1610 2108 1674 sic
2166 1617 2236 1674 ut
2291 1610 2558 1675 Photius
2615 1609 2871 1693 scripsit
2926 1630 3127 1692 usque

772 1711 863 1776 ad
917 1710 1206 1796 κεφαλὴν
1267 1704 1462 1791 εἶχεν,
1524 1718 1752 1794 postea
1808 1717 2022 1776 autem
2074 1712 2158 1776 ab
2203 1732 2279 1777 eo
2323 1710 2553 1776 addita.
2591 1731 2735 1776 esse
2776 1711 3011 1774 τοῦτον
3057 1708 3128 1777 δέ

776 1834 946 1899 φησι
1009 1810 1376 1894 Φιλόχορος
1449 1810 1515 1877 ἐν
1588 1816 1773 1896 τρίτῃ
1832 1810 2240 1897 Προκλείδην
2317 1807 2673 1878 ἀναθεῖναι
2716 1806 3122 1895 Ἀγκύλησιν.

774 1913 900 1980 cfr.
969 1914 1109 1978 Car.
1171 1922 1234 1981 et
1298 1914 1408 1976 Th.
1471 1913 1812 1977 Mizlleros:
1883 1915 2202 1998 Fragmm.
2276 1915 2495 1982 histor.
2564 1915 2865 1981 Graecor.
2940 1919 3014 1978 T.
3075 1916 3122 1979 Ι.

774 2036 837 2100 p.
885 2019 1029 2081 395.
1133 2019 1292 2082 Tres
1350 2016 1542 2098 igitur
1597 2016 1665 2081 hi
1723 2017 2018 2082 Mercurii
2078 2016 2317 2082 diversi
2375 2017 2661 2098 fuerunt,
2724 2017 2966 2100 primus
3008 2019 3124 2082 Te-

776 2118 1179 2184 lesarchidae
1221 2117 1292 2184 in
1336 2117 1692 2200 CeramicO,
1753 2120 1917 2184 alter
1972 2119 2038 2182 in
2097 2120 2254 2184 urbe
2310 2120 2453 2203 ipsa
2508 2119 2593 2183 ad
2638 2117 2877 2183 Vestae
2934 2120 3120 2200 viam,

776 2218 858 2283 de
903 2239 1027 2301 quo
1075 2219 1236 2284 dixit
1282 2220 1535 2303 Isaeu87
1581 2221 1807 2286 tertius
1850 2220 2167 2286 Proclidis
2210 2223 2278 2285 in
2322 2242 2491 2305 pago
2536 2219 2818 2303 Ancyle‚
2878 2220 2962 2285 de
3005 2240 3122 2304 quo

777 2320 939 2385 dixit
982 2320 1418 2387 Philochorus,
1508 2320 1719 2400 Quare
1763 2322 2073 2388 falluntur
2120 2322 2360 2386 δίκαιον
2400 2323 2602 2388 Lectt.
2634 2322 2881 2387 Andoc.
2929 2344 2992 2406 p.
3025 2327 3120 2398 50,

779 2419 1159 2485 Suevcrm'us
1228 2422 1310 2489 de
1364 2423 1814 2507 Aristophanis
1885 2425 2099 2490 Nubb.
2165 2446 2229 2509 p.
2275 2429 2356 2490 64
2427 2431 2491 2490 et
2546 2423 3123 2488 Raoul-Roeheue:

775 2522 992 2589 Lettre
1035 2528 1077 2588 a
1118 2521 1234 2589 Mr.
1281 2524 1526 2590 Schorn
1568 2546 1629 2607 p.
1677 2529 1822 2590 413.
1841 2574 1857 2606 ,
1905 2527 2013 2608 qui
2055 2526 2553 2593 Telesarchidae
2596 2527 2975 2591 Mercurium
3020 2526 3124 2608 qui

776 2625 1157 2710 quadriceps
1222 2634 1360 2692 erat
1417 2626 1691 2692 eundem
1752 2648 1895 2694 esse
1950 2635 2178 2712 putant
2233 2649 2373 2693 cum
2430 2629 2739 2693 Mercurio
2794 2628 3120 2710 ProclidiS,

777 2726 885 2809 qui
926 2727 1161 2811 triceps
1204 2728 1340 2793 fuit.

946 2829 1212 2895 Constat
1254 2837 1469 2896 autem
1512 2831 1680 2896 inter
1723 2851 1977 2913 omneS‚
2037 2833 2264 2897 atticos
2308 2830 2601 2897 Mercurii
2651 2831 2908 2897 hermas
2964 2852 3013 2897 s.
3061 2831 3120 2896 d.

776 2929 1121 3013 quadratos
1165 2951 1387 2998 omnes
1431 2930 1716 3013 insignes
1760 2933 1957 2999 fuisse
2001 2933 2266 2999 veretris
2312 2933 2558 3014 erectis,
2606 2953 2796 3015 quam
2841 2952 2975 2998 rem
3020 2953 3121 2998 ex-

775 3032 989 3116 posuit
1043 3033 1408 3100 Herodotus
1468 3035 1563 3116 II,
1625 3040 1723 3098 51.
1800 3036 1917 3098 τοῦ
1977 3035 2047 3099 δὲ
2109 3030 2347 3115 Ἑρμέω
2405 3033 2488 3099 τὰ
2546 3026 2888 3117 ἀγάλματα
2948 3028 3123 3115 ὀρθὰ

776 3134 943 3215 ἔχειν
1001 3133 1083 3198 τὰ
1145 3134 1371 3200 αἰδοῖα
1427 3134 1770 3212 ποιεῦντες
1827 3132 2279 3221 (οἱ·Ἓλληνες)
2357 3133 2472 3200 οὐκ
2533 3129 2671 3199 ἀπὸ
2729 3133 3123 3217 Αἰγυπτίων

773 3233 1234 3322 μεμαθήκασι,
1292 3230 1427 3301 ἀλλ’
1479 3230 1615 3300 ἀπὸ
1660 3237 2042 3321 Πελασγῶν,
2091 3240 2352 3321 πρῶτοι
2393 3239 2512 3320 μὲν
2550 3233 2865 3320 Ἑλλήνων
2913 3233 3124 3301 ἁπάν-

774 3360 907 3401 των
945 3330 1306 3420 Ἀθηναῖοι
1364 3338 1862 3420 παραλαβόντες
1918 3339 2103 3421 παρὰ
2173 3340 2242 3404 δὲ
2314 3338 2563 3404 τούτων
2640 3327 2859 3403 ὧλλοι.
2962 3338 3123 3404 Vide

777 3438 860 3502 Ε.
917 3434 1216 3502 Gerhard
1269 3439 1348 3506 de
1397 3440 1706 3523 religione
1762 3442 2123 3507 hermarum
2180 3463 2242 3525 p.
2289 3447 2347 3507 3.
2438 3441 2648 3521 Quare
2704 3442 2883 3505 licuit
2934 3441 3121 3506 etiam

777 3537 1052 3605 Comicis
1094 3543 1588 3623 suggillantibus
1645 3540 1799 3618 τοὺς
1855 3543 2288 3629 τρικεφάλους
2326 3539 2558 3625 Ἑρμᾶς
2618 3543 2829 3608 dicere
2884 3539 3121 3627 τριφά-

777 3641 978 3724 λητας
1022 3662 1135 3707 seu
1179 3642 1577 3710 trimentulos
1592 3693 1608 3726 ‚
1666 3650 1729 3709 et
1773 3645 2272 3711 Telesarchidae
2323 3645 2839 3728 quadricipitem‚
2897 3668 3122 3725 τετρα-

778 3738 1041 3829 φάλητα
1098 3764 1213 3809 seu
1270 3746 1869 3827 quadrimentulum.
1924 3808 1931 3815 ,
1969 3748 2046 3812 In
2101 3748 2424 3832 Hesychio
2483 3748 2678 3829 igitur
2731 3767 2793 3811 v.
2841 3740 3122 3832 Ἑρμῆς

775 3844 1313 3930 τρικέφαλος·
1365 3842 1853 3932 Ἀριστοφάνης
1912 3847 1977 3912 ἐν
2030 3847 2404 3935 Τριφάλητι
2455 3856 2649 3916 τοῦτο
2697 3847 2820 3933 ἔφη
2868 3847 3119 3926 παίζων

775 3946 1107 4029 κωμικῶς,
1173 3945 1474 4031 παρόσον
1530 3942 2012 4032 τετρακέφαλος
2062 3946 2298 4036 Ἑρμῆς
2356 3950 2422 4016 ἐν
2480 3952 2558 4037 τῇ
2618 3948 2860 4034 τριόδῳ
2920 3952 2995 4034 τῇ
3057 3945 3122 4013 ἐν

776 4049 1163 4132 Κεραμεικῷ
1210 4047 1436 4131 ἵδρυτο
1481 4052 1829 4135 legendum
1875 4059 1971 4118 est
2010 4047 2283 4137 Ἑρμῆς
2326 4050 2806 4138 τετραφάλη
2823 4075 2872 4128 ς.
2945 4043 3121 4134 Ἀρι-

776 4147 1112 4236 στοφάνης
1154 4175 1208 4214 κ.
1256 4175 1313 4215 τ.
1364 4150 1411 4217 ἕ.
1487 4155 1796 4237 Apertum
1841 4160 1938 4219 est
1982 4156 2152 4219 enim
2182 4155 2681 4239 Aristophanem
2724 4156 2793 4219 in
2839 4152 3123 4218 dramate

775 4250 1169 4336 Triphaletis
1216 4255 1413 4337 (apud
1458 4256 1806 4338 Bergkium
1849 4257 1918 4320 in
1961 4253 2269 4323 Meinekii
2312 4257 2632 4340 Fragmm.
2665 4255 2841 4321 Com.
2863 4255 3006 4319 Vol.
3038 4254 3121 4318 II.

774 4373 837 4437 p.
889 4359 1095 4432 1166.)
1186 4356 1682 4422 Telesarchidae
1725 4359 2105 4424 Mercurium
2162 4365 2375 4442 (quem
2429 4359 2497 4422 in
2554 4359 2766 4424 animo
2824 4357 3123 4423 habuisse
