3499 5219
1874 415 1996 477 338
2094 448 2161 455 --
2198 450 2211 454 -

1923 578 2308 661 μακροτέρας
2354 575 2419 641 δ’
2468 575 2654 659 οὔσης
2695 578 2781 642 ἔτι

1199 673 1369 731 πλεῖν
1409 665 1448 748 ἢ
1495 666 1670 728 δυοῖν
1711 666 1928 727 ποδοῖν
1968 673 2247 749 παρεῖναι
2294 672 2401 744 τῆς
2444 671 2637 740 σκιᾶς,

765 830 832 892 et
872 821 1293 891 Menandrum
1336 842 1441 904 ap.
1486 819 1720 886 Athen.
1769 819 1879 901 VI,
1924 839 1987 902 p.
2035 822 2178 884 243.
2225 819 2530 896 (Meinek.
2576 818 2687 883 IV.
2743 839 2807 902 p.
2859 822 3021 894 179.)

1927 948 1995 1025 ὃς
2041 952 2292 1032 κληθείς
2333 975 2476 1014 ποτε

1203 1041 1288 1113 εἷς
1329 1036 1597 1103 ἑστίασιν
1639 1035 2074 1110 δωδεκάποδος
2115 1074 2200 1084 -

765 1195 898 1264 Sed
952 1196 1143 1262 etiam
1199 1194 1484 1259 imitatus
1531 1201 1628 1260 est
1670 1193 1994 1258 Lucianus
2037 1189 2209 1257 Gall.
2256 1193 2316 1255 9.
2377 1193 2476 1266 (Τ.
2522 1191 2640 1255 ΙΠ.
2696 1212 2757 1275 p.
2814 1196 2910 1255 11.
2951 1191 3108 1269 Iac.)

765 1298 1049 1378 συνεχῶς
1095 1294 1503 1372 ἐπισκοπῶν,
1551 1289 1949 1358 ὁποσάπουν
1992 1289 2071 1356 τὸ
2116 1294 2444 1372 στοιχεῖον
2490 1291 2611 1378 εἴη,
2670 1300 2736 1358 et
2778 1292 3106 1358 Cronosol.

771 1404 870 1464 17.
930 1400 1030 1478 (Τ.
1086 1398 1205 1463 ΙΙΙ.
1264 1419 1325 1481 p.
1373 1400 1498 1463 469
1553 1396 1712 1472 Iac.)
1777 1391 2104 1460 λούεσθαι
2157 1392 2277 1476 μὲν
2336 1388 2591 1458 ὁπόταν
2645 1391 2724 1458 τὸ
2783 1404 3110 1474 στοιχεῖον

768 1497 1055 1578 ἑξάπουν
1098 1486 1160 1583 ᾖ.

934 1602 1115 1668 Haec
1156 1599 1474 1667 sufficiant
1516 1598 1601 1665 de
1639 1618 1961 1682 gnomone
2007 1618 2120 1664 seu
2164 1598 2445 1663 stoechio
2476 1598 2768 1679 Metonis,
2814 1599 3114 1663 horarum

761 1704 996 1771 indice.
1071 1703 1204 1769 Sed
1248 1703 1441 1766 etiam
1483 1702 1936 1785 heliotropium
1980 1700 2178 1766 fuisse
2219 1700 2385 1765 illud
2426 1700 2776 1782 inventum,
2823 1721 2946 1782 quo
2990 1702 3115 1765 sol-

765 1808 940 1874 stitia
993 1803 1461 1885 indicarentur,
1520 1801 1799 1868 diximus
1854 1823 2069 1886 supra.
2155 1802 2295 1868 Hoc
2351 1809 2422 1866 ut
2476 1801 2753 1867 efficeret
2807 1802 3115 1867 credibile

766 1915 864 1976 est
904 1909 1226 1975 Metonem
1268 1906 1536 1971 alteram
1579 1905 1761 1970 illam
1778 1952 1794 1984 ,
1852 1902 1936 1970 de
1979 1924 2106 1986 qua
2150 1904 2286 1968 dixi
2300 1952 2317 1986 ,
2370 1904 2777 1968 columellam
2820 1905 3113 1986 posuisse

762 2010 833 2076 in
884 2029 1063 2076 muro
1119 2007 1712 2092 septentrionalium
1770 2006 2008 2089 Pnycis
2064 2006 2632 2087 substructionum,
2703 2025 2866 2088 quae
2920 2006 3115 2069 altius

765 2113 918 2179 olim
988 2111 1413 2193 assurgebant
1485 2128 1676 2190 quam
1747 2128 1939 2173 nunc.
2038 2107 2323 2189 Vtraque
2395 2107 2737 2172 columella
2754 2156 2771 2188 ,
2846 2126 3115 2189 quarum

663 2240 696 2273 ο
764 2215 1034 2281 alteram
1089 2232 1204 2279 seu
1257 2211 1624 2296 primariam
1695 2208 1795 2289 (τὸ
1864 2214 2217 2288 στοιχεῖον)
2290 2208 2567 2273 diximus
2634 2208 2703 2273 in
2775 2209 3117 2273 meridiani

762 2318 908 2383 loco
947 2315 1146 2380 fuisse
1186 2313 1462 2397 positam
1479 2361 1496 2394 ‚
1566 2312 2047 2378 describebatur
2085 2311 2264 2375 linea
2306 2310 2397 2376 sic
2442 2310 2613 2376 dicta
2654 2311 3114 2376 meridionalis.

762 2417 1178 2484 Indicabatur
1219 2421 1434 2480 autem
1478 2414 1818 2480 solstitium
1862 2413 2177 2479 aestivum
2218 2412 2500 2494 imagine
2535 2413 2799 2478 umbrae
2828 2413 3119 2496 primarii

763 2517 1102 2602 gnomonis
1144 2515 1582 2591 brevissima¹)
1599 2563 1615 2595 ‚
1674 2515 1967 2580 brumale
2021 2520 2235 2580 autem
2286 2514 2682 2595 longissima.
2769 2515 2869 2579 Ita
2913 2515 3118 2597 expli-

765 2627 944 2686 catur
983 2617 1251 2702 pluralis
1297 2608 1638 2699 (ἀνέστησε
1682 2611 2018 2699 στήλας)
2064 2635 2190 2697 quo
2225 2635 2377 2681 usus
2407 2623 2505 2680 est
2535 2617 2878 2699 Aelianus3
2923 2636 3116 2697 quem

761 2721 1082 2805 pluralem
1126 2719 1463 2801 quominus
1504 2718 1597 2783 sic
1648 2717 2085 2800 intelligamus
2143 2716 2325 2798 quasi
2381 2717 2673 2799 pluribus
2716 2716 3116 2782 Athenarum

761 2822 923 2887 locis
976 2821 1147 2886 Meto
1219 2818 1456 2884 similia
1521 2817 1842 2902 posuisset
1905 2818 2361 2899 instrumenta,
2435 2817 2607 2899 quod
2677 2818 2934 2882 fuerunt
3005 2819 3115 2899 qui

762 2921 1129 3004 crederent,
1196 2919 1650 3003 praepedimur
1705 2938 1783 2984 eo
1840 2918 2013 3000 quod
2066 2919 2485 2984 Philochorus
2547 2919 2627 2984 de
2681 2939 2811 2983 uno
2864 2925 3115 2984 tantum

761 3024 1041 3091 Metonis
1095 3022 1505 3086 anathemate
1556 3020 1794 3086 diserte
1837 3021 2147 3102 loquitur,
2209 3041 2341 3085 non
2386 3020 2468 3085 de
2511 3020 2818 3104 pluribus.
2907 3020 3114 3085 Aliter

762 3125 1054 3191 Idelerus
1084 3122 1469 3202 (Handbuch
1505 3121 1621 3188 der
1649 3122 2226 3187 mathematischen
2268 3135 2329 3187 u.
2360 3122 2571 3187 techn.
2601 3120 3030 3205 Chronologie
3058 3123 3112 3185 I.

764 3246 829 3310 p.
876 3230 958 3291 32
989 3226 1035 3290 d
1076 3225 1265 3300 not.):
1311 3223 1500 3306 „Wie
1541 3222 1660 3288 das
1689 3224 2157 3308 Heliotropium
2190 3224 2502 3302 (Meton’s)
2548 3224 2918 3289 beschaffen
2957 3245 3112 3301 war,

765 3333 910 3409 sag-t
963 3345 1084 3389 uns
1138 3325 1463 3390 niemand.
1564 3324 1909 3390 Vielleicht
1975 3325 2251 3391 bestand
2315 3345 2383 3389 es
2439 3345 2556 3389 aus
2613 3326 2791 3390 einer
2846 3326 3116 3390 kleinen

769 3426 1085 3507 Oeffnung
1142 3426 1209 3490 in
1267 3428 1446 3493 einer
1498 3446 1709 3509 geg-en
1764 3428 1995 3509 Mittag
2049 3427 2407 3509 gekehrten
2451 3428 2701 3509 Mamer,
2762 3425 2961 3491 durch
3007 3426 3115 3491 die

766 3530 873 3596 ein
925 3528 1390 3594 Sonnenstrahl
1460 3529 1574 3593 auf
1641 3527 1788 3595 eine
1859 3528 2206 3594 senkrecht
2261 3528 2343 3607 (?)
2418 3528 2721 3593 darunter
2788 3546 3116 3610 gezogene

764 3629 1183 3712 Mittagslinie
1252 3630 1515 3712 geleitet
1583 3629 1807 3696 wurde
1877 3629 2011 3695 und
2069 3630 2319 3695 Metons
2391 3650 2595 3713 ganze
2652 3627 3114 3709 Beobachtung

767 3732 885 3797 des
928 3730 1470 3796 Sommersolstitii
1512 3731 1669 3814 ging
1711 3753 1834 3796 nur
1878 3731 2110 3797 darauf
2146 3732 2399 3812 hinaus,
2446 3731 2573 3796 den
2608 3733 2752 3812 Tag
2793 3728 3114 3810 ausfindig

766 3853 845 3898 zu
886 3831 1187 3910 machen,
1246 3854 1334 3897 an
1376 3833 1687 3898 welchem
1739 3831 1860 3898 das
1903 3833 2308 3899 Sonnenbild
2351 3833 2467 3898 der
2506 3834 2729 3898 Mauer
2768 3852 2873 3896 am
2918 3831 3114 3895 nach-

768 3943 910 4001 sten
951 3934 1128 3998 kam.
1216 3933 1421 3999 Sollte
1462 3935 1641 3999 nicht
1681 3934 1881 4000 sehon
1925 3933 2158 4019 Odyss.
2185 3955 2274 4030 .⁰›
2333 3939 2476 3999 403.
2535 3941 2735 4000 etwas
2778 3933 3114 4032 ahnliches

904 4105 939 4167 ¹)
978 4103 1048 4154 Vt
1077 4102 1358 4168 exemplum
1385 4103 1537 4153 huius
1564 4104 1641 4152 rei
1671 4118 1958 4169 proponam
1980 4108 2098 4153 utor
2121 4118 2182 4152 ea
2206 4102 2614 4166 ratiocinatione,
2651 4117 2799 4165 quam
2826 4102 2947 4151 Sch
2965 4101 3111 4151 aef-

767 4189 909 4239 fero
957 4190 1008 4238 et
1040 4187 1412 4238 Lehmanno
1462 4188 1671 4253 collegis
1716 4189 2025 4240 doctissimis
2072 4187 2243 4239 debeo.
2314 4188 2628 4237 Athenarum
2663 4186 2880 4235 altitudo
2916 4185 3112 4250 polaris

768 4289 925 4339 quum
973 4273 1043 4322 sit
1076 4297 1142 4317 =
1177 4272 1270 4325 37⁰
1303 4272 1386 4325 58⁴
1422 4271 1542 4334 20⁴¹,
1592 4276 1652 4335 0,
1700 4275 2053 4338 consequitur,
2101 4274 2147 4323 si
2192 4274 2304 4337 ipse
2349 4287 2568 4336 gnomon
2614 4271 2772 4321 fuerit
2816 4270 3113 4320 altitudinis

767 4363 1011 4424 quattuor
1044 4356 1243 4422 pedum,
1278 4357 1507 4410 umbram
1540 4359 1810 4423 gnomonis
1844 4360 1901 4409 in
1937 4357 2160 4408 solstitio
2196 4358 2388 4408 aestivo
2419 4356 2575 4407 fuisse
2608 4357 2762 4408 unius
2796 4354 2954 4420 pedis.
