3499 5219
1641 418 1773 425 -—
1868 383 1985 448 168
2074 419 2205 425 -ffi-

760 536 952 626 οὗτος
992 544 1162 633 πρὸς
1204 547 1321 626 τὰς
1362 547 1729 634 κωμῳδίας.
1803 550 1993 616 Idem'
2014 552 2389 617 Aristoteles
2422 571 2551 615 non
2596 550 2847 615 dubitat
2888 550 3095 614 altero

757 653 898 716 loco
954 652 1294 734 Margitam
1349 651 1626 718 Homero
1697 653 2063 719 adscribere
2120 654 2326 718 Ethic.
2387 652 2526 716 Nic.
2573 652 2695 732 VI,
2753 658 2811 715 7.
2913 651 3090 715 Anti-

761 753 1131 842 quissimum
1203 760 1416 817 tamen
1488 745 1718 819 testem'
1784 755 1970 819 huius
2026 755 2118 820 rei
2174 754 2533 820 Eustratius
2590 753 2677 817 ad
2733 753 3091 817 Aristotelis

761 855 932 921 hunc
986 856 1196 920 locum
1253 855 1491 938 profert
1544 855 1996 920 Archilochum
2053 855 2152 921 his
2209 856 2454 921 verbis:
2529 851 2813 935 παράγει
2873 850 2932 916 δ’
2997 852 3089 929 εἷς

763 954 1125 1038 μαρτυρίαν
1173 1006 1187 1020 .
1214 1006 1228 1020 .
1258 1005 1271 1019 .
1318 964 1590 1040 ποίησιν
1633 961 1984 1041 Μαργίτην
2044 949 2521 1039 ὀνομαζομένην
2560 950 2872 1039 Ὁμήρου,
2932 979 3088 1038 μνη-

763 1054 1028 1140 μονεύει
1086 1050 1150 1121 δ’
1215 1050 1414 1142 αὐτῆς
1457 1050 1531 1121 οὗ
1577 1055 1779 1139 μόνος
1823 1051 2019 1136 αὐτὸς
2054 1050 2515 1143 Ἀριστοτέλης
2574 1057 2639 1121 ἐν
2696 1060 2789 1141 τῷ
2849 1054 3091 1139 πρώτῳ

765 1157 925 1241 περὶ
979 1162 1110 1224 τῶν
1169 1156 1577 1242 ποιημάτων,
1641 1152 1809 1224 ἀλλὰ
1865 1161 1970 1223 καὶ
2009 1154 2386 1241 Ἀρχίλοχος
2443 1160 2548 1224 καὶ
2603 1164 2930 1240 Κρατῖνος
2982 1155 3093 1221 καὶ

767 1258 1188 1343 Καλλίμαχος
1205 1263 1247 1338 ¹)
1319 1260 1384 1325 ἐν
1457 1270 1599 1338 τοῖς
1673 1259 2161 1343 ἐπιγράμμασιν
2233 1260 2341 1325 καὶ
2414 1262 2854 1342 μαρτυροῦσιν
2928 1252 3091 1324 εἶναι

762 1357 1043 1449 Ὁμήρου
1102 1358 1394 1448 ποίημα,
1453 1364 1521 1428 in
1580 1383 1702 1445 quo
1744 1364 2110 1428 Archilochi
2165 1384 2400 1429 nomen
2456 1363 2710 1428 fuerunt
2761 1362 2870 1444 qui
2912 1361 3095 1425 corri-

767 1464 1048 1548 gendum
1091 1484 1233 1531 esse
1276 1471 1572 1549 putarent
1583 1468 1648 1542 2).
1737 1465 1870 1530 Sed
1923 1467 2196 1549 primum
2252 1466 2509 1547 quidem
2563 1485 2726 1547 quae
2782 1483 2974 1528 causa
3015 1462 3096 1526 sit

770 1587 881 1631 cur
921 1559 1338 1631 Archilochus
1387 1567 1529 1649 ipse
1582 1567 2080 1651 iambographus
2135 1568 2402 1633 laudare
2449 1589 2581 1632 non
2622 1566 2897 1650 potuerit
2937 1565 3098 1629 Mar-

770 1669 966 1751 gitem
1021 1668 1530 1750 antiquissimum
1572 1669 1914 1733 iambicum
1957 1689 2212 1735 carmen
2257 1668 2427 1751 quod
2466 1670 2535 1733 in
2577 1666 2862 1733 ridendis
2904 1665 3099 1730 homi-

770 1791 926 1834 num
968 1769 1488 1853 perversitatibus
1532 1772 1894 1852 exemplum
1936 1770 2178 1854 habuit,
2228 1791 2360 1836 non
2398 1770 2709 1852 intelligo,
2768 1768 3002 1833 deinde
3047 1765 3103 1831 si

775 1871 916 1952 quis
958 1890 1072 1953 pro
1116 1871 1496 1935 Archilocho
1542 1872 1848 1936 Eustratii
1889 1872 2228 1937 substituat
2270 1872 2791 1954 Aristophanem,
2846 1877 2917 1934 ut
2956 1869 3104 1933 fecit

772 1972 1196 2038 Ruhnkenius
1239 1972 1452 2054 aliquo
1496 1972 1685 2039 modo
1719 1975 2196 2056 perturbaretur
2223 1974 2378 2039 ordo
2409 1974 2889 2055 chronologicus
2918 1990 3104 2054 quem

774 2074 1132 2139 Eustratius
1195 2093 1487 2139 servasse
1538 2076 1863 2158 putandus
1919 2083 2016 2141 est
2068 2075 2135 2140 in
2191 2075 2536 2140 laudandis
2591 2073 2969 2140 testimoniis
3025 2071 3106 2135 de

774 2174 1048 2257 Margite
1086 2174 1427 2241 homerico·

949 2275 1156 2341 Valde
1198 2278 1493 2343 mirabile
1534 2285 1702 2344 esset
1729 2277 2124 2343 Herodotum
2166 2278 2258 2343 sic
2288 2278 2526 2343 dictum
2568 2278 2636 2341 in
2663 2277 2798 2341 vita
2824 2275 3103 2352 Homeri,

780 2383 990 2462 (quem
1045 2379 1326 2460 sequitur
1380 2378 1611 2444 Suidas
1664 2400 1726 2444 v.
1772 2374 2082 2464 Ὅμηρος)
2096 2429 2112 2462 ,
2187 2380 2298 2444 ubi
2367 2380 2581 2444 omnia
2635 2380 2824 2443 huius
2879 2385 3110 2460 poetae

780 2480 1067 2546 carmina
1108 2487 1704 2563 commemorantur,
1766 2502 1850 2548 ne
1906 2502 2034 2548 uno
2078 2481 2335 2564 quidem
2377 2482 2576 2547 verbo
2619 2482 2906 2563 tetigisse
2946 2481 3112 2544 Mar-

780 2581 1008 2667 gitem3
1078 2580 1195 2647 sed
1245 2582 1459 2648 verbis
1511 2602 1647 2666 cap.
1695 2587 1794 2647 24.
1851 2584 1959 2649 καὶ
2012 2582 2168 2660 τούς
2224 2581 2623 2666 Κέρκωπας,
2683 2583 2788 2646 καὶ
2845 2586 3110 2663 Βατρα-

778 2678 1227 2766 χομυομαχίαν
1284 2683 1391 2746 καὶ
1435 2675 1879 2765 Ἐπικιχλίδας
1934 2687 2041 2750 καὶ
2101 2673 2308 2750 τᾶλλα
2366 2684 2586 2750 πάντα
2647 2679 2773 2747 ὅσα
2832 2680 3110 2766 παίγνια

784 2782 963 2851 ἐστιν
1016 2778 1293 2870 Ὁμήρου
1368 2783 1660 2850 ἐνταῦθα
1731 2784 2006 2873 ἐποίησε
2068 2786 2255 2868 παρὰ
2311 2788 2404 2871 τῷ
2463 2792 2614 2870 Χίῳ
2676 2783 2740 2849 ἐν
2800 2785 3109 2866 Βολισσῷ

781 2888 1063 2954 voluisse
1118 2888 1487 2970 scriptorem
1552 2889 1743 2952 etiam
1798 2889 2130 2971 Margitem
2202 2889 2741 2972 comprehendere
2810 2888 3114 2952 credibile

783 2997 898 3056 est.
986 2988 1173 3055 Certe
1205 2989 1496 3055 similiter
1522 2990 1826 3055 Proculus
1871 2995 2076 3072 (γένος
2114 2984 2424 3078 Ὁμήρου)
2467 3012 2570 3073 ap.
2616 2991 2897 3055 Leonem
2940 2989 3116 3053 Alla-

782 3092 941 3157 tium
986 3089 1069 3156 de
1111 3091 1319 3175 patria
1359 3091 1651 3158 Homeri:
1709 3096 1994 3177 γέγραφε
2049 3092 2121 3156 δὲ
2164 3089 2472 3179 ποιήσεις
2518 3089 2668 3167 δύο,
2724 3085 2962 3154 Ἰλιάδα
3008 3088 3114 3152 καὶ

778 3186 1198 3257 Ὀδύσσειαν·
1271 3196 1725 3274 προστιθέασι
1799 3192 1871 3257 δέ
1942 3218 2114 3270 τινες
2186 3187 2363 3277 αὐτῷ
2434 3191 2546 3258 καὶ
2610 3189 2887 3274 παίγνιά
2946 3216 3110 3266 τινα,

786 3298 1169 3378 Μαργίτην,
1235 3296 1944 3377 Βατραχομυομαχίαν,
2019 3293 2431 3361 ἑπτάπεκτον
2491 3287 2674 3378 αἶγα,
2750 3292 3113 3373 Κέρκωπας

787 3393 1023 3472 κενούς.
1100 3394 1200 3473 (V.
1231 3393 1533 3462 Welcker
1574 3417 1675 3481 ep.
1721 3395 1896 3481 Cycl.
1941 3398 1992 3461 Ι.
2036 3418 2100 3480 p.
2136 3400 2305 3475 412.)

922 3649 959 3711 ¹)
994 3649 1299 3714 Harpocrat.
1334 3666 1381 3698 v,
1417 3645 1720 3715 Μαργίτης.
1793 3642 2049 3700 Ἐκάλουν
2094 3646 2154 3702 δὲ
2199 3647 2327 3705 τοὺς·
2373 3643 2636 3711 ἀνοήτους
2688 3641 2828 3699 οὕτω
2881 3644 2974 3697 διὰ
3024 3645 3116 3696 τὸν

788 3727 866 3789 εἷς
885 3726 1129 3811 Ὅμηρον
1164 3726 1584 3801 ἀναφερόμενον
1615 3730 1941 3800 Μαργίτην,
1995 3728 2157 3803 ὅνπερ
2193 3733 2540 3802 Καλλίμαχος
2580 3731 2884 3799 θαυμάζειν
2931 3728 3113 3783 ἔοικεν.

789 3817 921 3871 ‘vide
941 3817 1141 3882 Fragm.
1161 3816 1544 3870 Callim.Bentl.
1577 3820 1767 3883 p.439.
1803 3821 1920 3871 561.
1956 3820 2083 3871 Ern.
2218 3820 2258 3880 ²)
2293 3820 2563 3871 Ruhnken.
2600 3819 2664 3868 ad
2681 3817 2935 3869 Velleium
2969 3833 3017 3881 p.
3038 3819 3115 3867 20.

790 3901 1148 3967 Aristophanis
1192 3918 1377 3952 nomen
1423 3903 1728 3953 substituere
1776 3903 1939 3954 voluit
1984 3905 2181 3954 nomini
2215 3904 2509 3956 Archilochi
2553 3908 2764 3969 propter
2795 3903 2981 3952 Avium
3016 3919 3116 3951 ver-

791 4004 906 4057 sum
928 3990 1041 4038 914.
1075 4003 1173 4051 quo
1200 3986 1266 4037 ad
1291 3987 1563 4052 Margitem
1597 3987 1828 4039 allusisse
1845 3988 2237 4053 Aristophanem
2270 3989 2472 4055 putavit
2506 3988 2806 4048 scholiasta;
2844 3987 2936 4037 sed
2972 4003 3118 4050 quum

794 4071 1077 4131 imAvibus
1112 4071 1301 4121 dicitur
1335 4066 1565 4140 ὀτρηρὸς
1597 4067 1728 4122 καθ’
1758 4067 2002 4141 Ὅμηρον
2045 4074 2270 4138 pertinet
2313 4074 2368 4123 id
2414 4073 2479 4123 ad
2524 4066 2762 4140 ὀτρηρὸν
2806 4067 3118 4139 θεράποντα

795 4157 931 4222 apud
964 4157 1238 4207 Homerum
1274 4156 1355 4220 (ΙΙ.
1390 4157 1433 4219 1,
1470 4159 1608 4221 321),
1655 4174 1759 4207 non
1792 4156 1857 4206 ad
1891 4155 2171 4207 Μουσάων
2204 4154 2522 4226 θεράποντα
2555 4158 2823 4222 Margitae,
2874 4173 2976 4229 quo
3010 4173 3118 4220 poe-

796 4245 962 4293 tarum
1008 4241 1235 4306 epitheto
1278 4245 1479 4307 praeter
1509 4242 1762 4306 Margitae
1807 4247 2064 4292 auctorem
2110 4259 2231 4292 usus
2265 4247 2342 4293 est
2376 4243 2528 4292 etiam
2562 4243 2897 4293 Archilochus
2933 4247 2985 4291 et
3018 4257 3119 4289 ora-

795 4327 967 4378 culum
1001 4326 1290 4391 delphicum
1325 4343 1479 4392 quum
1511 4326 1806 4377 Archilochi
1839 4327 2213 4378 interfectorem
2246 4329 2568 4392 vituperaret.
