3499 5219
1623 384 1753 390 ψ..
1849 351 1967 413 194
2056 384 2185 391 ‚ffl-

907 707 1146 773 Auctor
1198 705 1348 770 libri
1402 704 1485 769 de
1529 703 1723 770 Coelo
1738 752 1756 786 ‚
1824 705 1932 787 qui
1987 712 2085 771 est
2139 705 2308 772 inter
2360 705 2782 773 aristotelicos
2826 704 2955 787 111,
3023 709 3079 770 1.

739 806 896 874 Εἰσὶ
947 805 1071 892 γάρ
1126 829 1299 882 τινες
1355 803 1429 870 οῗ
1482 827 1688 890 φασιν
1742 798 1948 872 οὐθὲν
1993 803 2340 891 ἀγέννητον
2385 800 2553 872 εἶναι
2596 809 2726 871 τῶν
2771 800 3082 889 πραγμά-

740 935 872 976 των
917 901 1086 976 ἀλλὰ
1128 906 1350 974 πάντα
1391 911 1769 991 γίγνεσθαι·
1814 904 2130 990 γενόμενα
2174 908 2246 973 δὲ
2288 907 2373 973 τὰ
2414 907 2534 991 μὲν
2565 906 2890 993 ἄφθαρτα
2933 906 3084 973 δια-

739 1009 992 1092 μένειν,
1056 1008 1140 1076 τὰ
1196 1009 1268 1075 δὲ
1327 1007 1531 1075 πάλιν
1592 1012 2040 1093 φθείρεσθαι·
2112 1009 2402 1091 μάλιστα
2459 1010 2579 1092 μὲν
2637 1008 2702 1074 οἱ
2754 1010 2910 1094 περὶ
2965 1007 3082 1073 τὸν

736 1108 1063 1178 Ἡσίοδον.
1137 1111 1318 1193 Quae
1360 1112 1416 1178 si
1460 1111 1601 1194 quis
1629 1109 1852 1175 credat
1878 1111 2198 1195 pertinere
2225 1111 2315 1178 ad
2342 1112 2749 1196 theogoniam
2778 1118 3084 1194 nostram,

743 1216 1000 1284 errabit.

830 1586 1381 1655 SPIOILEGIVM
1423 1586 1837 1651 ALTERVM
1880 1582 2597 1651 FRAGMENTORVM
2637 1583 3013 1652 HESIODI.

914 1776 1103 1840 Anno
1159 1771 1557 1838 MDCCCLV
1626 1772 1826 1836 indici
1897 1771 2259 1838 scholarum
2316 1771 2727 1837 hibernarum
2783 1773 3089 1854 praemisi

745 1876 1142 1961 spicilegium
1228 1873 1500 1957 primum
1583 1873 2007 1958 fragmentum
2093 1873 2380 1940 Hesiodi.
2505 1872 2716 1939 Hodie
2802 1874 3088 1939 emittam

743 1979 1033 2044 alterum.

914 2078 1290 2160 Priusquam
1345 2083 1556 2141 autem
1612 2076 1697 2141 ad
1752 2075 1896 2159 ipsa
1952 2075 2309 2158 fragmenta
2363 2074 2599 2141 accedo
2655 2076 2722 2143 in
2778 2078 3087 2143 honorem

749 2179 819 2246 C.
861 2178 1061 2246 Keilii
1116 2179 1230 2241 τοῦ
1287 2172 1646 2260 μακαρίτου
1709 2176 1919 2259 deque
1973 2177 2492 2261 inscriptionibus
2537 2177 2798 2244 Graecis
2842 2178 2897 2243 si
2948 2178 3090 2261 quis

747 2281 913 2348 alius
983 2280 1372 2346 meritissimi
1435 2299 1640 2363 nuper
1692 2278 2018 2344 Pol-tensis
2082 2279 2457 2362 professoris
2520 2279 2858 2346 clarissimi
2913 2298 3089 2362 egre-

747 2385 921 2468 gium
977 2379 1238 2463 aliquod
1289 2382 1621 2446 inventum
1676 2380 2082 2464 praemittam
2129 2380 2216 2445 ad
2258 2379 2608 2446 Hesiodum
2650 2381 2907 2465 proprie
2949 2400 3090 2465 per-

746 2485 978 2550 tinens.

917 2585 1170 2668 Nempe
1223 2580 1698 2648 MDCCCXLII
1756 2582 1828 2648 L.
1882 2582 2193 2666 Stephani
2236 2584 2473 2667 Vaiae‚
2545 2583 2751 2650 forulo
2811 2582 3089 2666 quodam

748 2687 925 2755 haud
978 2688 1071 2752 ita
1124 2687 1317 2769 longe
1371 2685 1491 2750 sito
1555 2684 1645 2749 ab*
1697 2684 1978 2766 antiquis
2030 2685 2329 2769 Thespiis
2343 2735 2360 2769 ‚
2437 2685 2680 2752 detexit
2750 2686 3089 2751 terminum

751 2789 1099 2874 quendam,
1147 2789 1370 2870 quales
1411 2787 1596 2851 multi
1637 2784 1894 2868 quidem
1935 2785 2006 2850 in
2049 2786 2321 2852 Graecia
2361 2788 2607 2854 inventi
2650 2793 2827 2869 sunt,
2874 2788 3091 2852 nullus

748 2899 966 2958 tamen
1038 2887 1348 2972 dignitate
1419 2888 1778 2971 argumenti
1846 2886 2036 2953 facile
2106 2888 2624 2972 aequiparandus
2680 2889 2829 2954 huic
2885 2888 3090 2953 titulo.

750 2994 828 3060 V.
883 2994 957 3058 L.
1015 2991 1328 3074 Stephani
1391 2989 1581 3052 Rez‘se
1645 2989 1840 3053 durch
1904 2991 2103 3072 eim'qe
2165 2987 2493 3072 Geqenden
2566 2991 2673 3053 des
2727 2988 3090 3052 nbrdlicken

758 3093 1261 3160 Griechenlamls.
1348 3092 1523 3176 Lips.
1586 3095 1769 3158 1843.
1828 3113 1890 3176 p.
1942 3096 2052 3172 74,
2119 3091 2258 3176 ipse
2313 3099 2527 3158 autem
2584 3091 2897 3174 Stephani
2958 3090 3094 3155 eius

752 3195 1120 3282 explicandi
1163 3200 1459 3259 conatum
1502 3213 1632 3258 non
1674 3192 1844 3259 fecit.
1933 3193 2145 3258 Habet
2186 3200 2398 3259 autem
2441 3195 2534 3259 ita

1710 3324 2130 3388 ΟΡΟΣΤΛΣ

1704 3429 1887 3488 ΓΛΣ
1895 3429 2078 3487 ΤΛΣ
2720 3458 2773 3531 χ

1702 3527 2134 3590 ΡΛΣΤΩΝΣ
2778 3548 2811 3595 x

1708 3630 1947 3693 OYTA
1993 3633 2132 3693 HA
2810 3602 2855 3709 Σ

1705 3732 1977 3796 ΜΟΣΛ
2022 3735 2182 3793 ΝΕΙ
2850 3732 2865 3761 *

1710 3833 2153 3896 ΣΙΟΛΕΙΩΝ
2213 3902 2217 3906 ,
2858 3782 2891 3855 ¹

756 3971 1203 4055 Quinquennio
1245 3977 1391 4055 post
1434 3971 1501 4036 O.
1534 3972 1785 4038 Keilius
1829 3971 2072 4054 Syllog.
2119 3970 2411 4055 Inscript.
2449 3972 2669 4038 Boeot.
2712 3994 2776 4057 p.
2809 3976 2911 4038 94.
3001 3986 3102 4032 em

754 4093 1093 4159 aggressus
1136 4079 1232 4139 est
1274 4080 1339 4139 et
1381 4073 1636 4156 quidem
1680 4081 1954 4139 strenue.
2026 4072 2306 4137 Primum
2350 4074 2519 4139 enim
2561 4075 2629 4138 in
2672 4075 2895 4143 ultimo
2927 4084 2976 4142 t1
3056 4066 3102 4131 li

755 4196 942 4242 versu
984 4174 1248 4258 agnovit
1288 4176 1554 4243 Hesiodi
1596 4194 1849 4257 nomen,
1905 4173 2138 4239 deinde
2182 4181 2394 4240 cetera
2436 4176 2629 4241 etiam
2673 4176 3026 4258 probabilit
3072 4191 3104 4233 1·

755 4278 1078 4362 supplevit
1116 4278 1239 4342 ita:
