3499 5219
1349 446 1918 508 ——331—-—

631 619 865 684 Verum
910 634 1277 681 monueram
1322 614 1641 697 pulpitum
1684 612 1874 693 illud,
1933 614 2107 695 quod
2163 634 2334 678 nunc
2389 611 2618 678 dicitur
2668 633 2805 677 ora-

459 731 685 803 torum,
731 742 862 786 11011
905 716 1234 783 adversari
1277 715 1629 780 narrationi
1670 713 2018 795 Plutarchi,
2064 716 2119 781 si
2163 715 2246 780 de
2289 715 2482 781 simili
2526 714 2802 798 quodam

459 826 683 891 habitu
727 821 1043 888 orantium
1083 818 1480 899 intelligatur
1521 823 1713 898 atque
1756 815 1932 899 apud
1973 817 2314 882 Romanos.
2393 819 2489 883 Ac
2530 819 2803 902 primum

462 927 718 1011 quidem
764 917 1172 1004 ἀποβλέπειν
1218 916 1388 1000 πρὸς
1429 915 1545 1001 τὴν
1589 914 1944 982 θάλασσαν
1987 919 2056 983 111
2097 919 2238 984 1000
2267 920 2590 986 Plutarchi
2631 941 2803 1003 pror-

464 1050 571 1095 sus
615 1028 828 1093 differt
868 1026 951 1092 ab
998 1018 1410 1105 ἀποβλέπειν
1457 1017 1551 1095 εἷς
1593 1016 1713 1105 τὴν
1759 1017 2132 1084 θάλασσαν.
2199 1021 2373 1086 Illud
2419 1022 2588 1087 enim
2634 1018 2806 1104 πρὸς

463 1128 816 1194 θάλασσαν
860 1133 957 1193 est
1000 1146 1173 1188 mare
1216 1143 1430 1187 versus
1472 1128 1541 1187 ut
1584 1119 1756 1202 πρὸς
1797 1123 2041 1203 βορρᾶν
2087 1130 2150 1189 et
2195 1118 2365 1202 πρὸς
2411 1121 2497 1187 ἕω
2553 1122 2800 1204 dicitur,

464 1252 672 1316 neque
718 1251 878 1314 opus
923 1235 1020 1295 est
1064 1225 1389 1310 explicare
1433 1225 1618 1307 quasi
1657 1223 1816 1306 ipsi,
1876 1223 1984 1306 qui
2040 1230 2217 1289 stans
2260 1224 2329 1288 in
2373 1224 2622 1307 pulpito
2668 1245 2803 1290 ora-

459 1344 587 1418 ret,
632 1353 808 1400 mare
853 1333 1115 1399 suismet
1159 1328 1359 1393 oculis
1403 1325 1764 1392 necessario
1808 1345 1844 1390 e
1888 1325 2237 1408 longinquo
2281 1326 2803 1409 conspiciendum

461 1445 649 1504 esset.
737 1436 844 1502 Sic
886 1433 1060 1520 apud
1102 1430 1488 1514 Sophoclem
1532 1426 1691 1493 Oed.
1739 1425 1809 1491 O.
1855 1430 2001 1491 470.
2047 1426 2277 1492 dicitur
2319 1427 2588 1503 στάντες
2632 1425 2803 1508 πρὸς

461 1537 731 1624 πρώτην
777 1537 862 1604 ἕω
915 1543 979 1603 et
1019 1533 1194 1619 apud
1238 1529 1542 1597 Herodot.
1586 1529 1680 1611 II,
1726 1532 1867 1593 121.
1921 1526 2005 1592 τὰ
2063 1527 2453 1609 προπύλαια
2504 1527 2587 1593 τὰ
2631 1527 2802 1610 πρὸς

463 1641 748 1727 ἕσπέρην
804 1640 1213 1720 τετραμμένα
1268 1633 1384 1697 τοῦ
1435 1625 1868 1716 Ἡφαιστείου
1940 1636 2006 1695 et
2060 1630 2250 1712 VIII,
2311 1635 2411 1696 85.
2482 1618 2667 1694 οὗτοι
2729 1629 2803 1696 δὲ

465 1740 635 1828 εἶχον
679 1746 756 1808 τὸ
800 1741 972 1823 πρὸς
1014 1737 1135 1828 τὴν
1177 1730 1275 1821 ἠῶ
1325 1758 1396 1799 τε
1440 1733 1545 1798 καὶ
1591 1730 1705 1795 τὸν
1749 1733 2095 1812 Πειραιέα.
2182 1733 2383 1798 Τ11110.
2428 1733 2513 1815 11,
2561 1739 2664 1798 55.
2720 1734 2799 1818 γῆ

458 1846 496 1934 ἢ
561 1845 731 1929 πρὸς
789 1839 1305 1924 Πελοπόννησον
1363 1830 1504 1921 ὁρᾷ.
1591 1836 1691 1916 II,
1752 1837 1854 1899 93.
1929 1831 2040 1896 ἐπὶ
2111 1834 2225 1916 τῆς
2282 1834 2660 1916 Σαλαμῖνος
2722 1834 2800 1899 τὸ

458 1946 864 2033 ἀκρωτήριον
921 1942 998 2009 τὸ
1056 1941 1225 2024 πρὸς
1284 1941 1569 2021 Μέγαρα
1626 1932 1815 2018 ὁρῶν.
1893 1936 2015 2017 VI,
2075 1938 2178 2000 97.
2246 1932 2566 2020 φρούριον
2628 1931 2799 2019 ὃρῶν

461 2052 632 2138 πρὸς
674 2050 759 2116 τὰ
788 2046 1091 2131 Μέγαρα.
1144 2041 1376 2109 Strabo
1404 2040 1592 2120 XIII,
1638 2059 1701 2120 p.
1735 2040 1878 2103 583.
1923 2033 2123 2117 μικρὰ
2168 2029 2232 2099 δ’
2283 2035 2803 2123 ἐπιστρέφοντος

461 2152 633 2239 πρὸς
677 2148 943 2235 ἄρκτον,
1001 2145 1345 2228 multisque
1387 2140 1753 2207 8111810018.
1851 2138 2106 2204 Deinde
2163 2131 2573 2221 ἀποβλέπειν
2629 2138 2802 2224 πρὸς

458 2257 575 2337 τὴν
620 2253 972 2320 θάλασσαν
1023 2248 1197 2333 apud
1238 2244 1647 2311 Plutarchum
1692 2262 1824 2306 non
1869 2240 2097 2305 dicitur
2139 2238 2222 2305 de
2266 2241 2514 2325 pulpito
2558 2242 2676 2309 sed
2719 2243 2802 2309 de

457 2361 820 2441 orantibus3
864 2349 1356 2434 intelligendum
1387 2354 1484 2412 est
1519 2344 1690 2410 enim
1733 2339 1888 2418 τοὺς
1932 2342 2457 2427 δημηγοροῦντας
2498 2344 2585 2408 811
2629 2336 2802 2409 ἄπο-

458 2462 749 2548 βλέπειν.
836 2460 975 2524 18111
1029 2474 1182 2519 vero
1241 2452 1296 2517 si
1353 2448 1493 2532 quis
1549 2445 1910 2511 meminerit
1950 2446 2266 2528 pulpitum
2313 2447 2570 2529 (βῆμα),
2630 2446 2800 2531 quod

457 2586 629 2632 nunc
674 2564 920 2643 dicitur,
965 2556 1270 2643 gradibus
1313 2552 1625 2633 utrinque,
1672 2549 1757 2613 ab
1789 2547 2030 2613 oriente
2071 2547 2113 2613 i.
2148 2567 2201 2614 e.
2233 2549 2318 2615 ab
2346 2549 2513 2615 arcis
2539 2551 2801 2633 regione

459 2676 524 2735 et
565 2669 648 2733 ab
693 2664 1025 2731 occidente
1064 2660 1107 2724 i.
1151 2678 1204 2723 e.
1250 2676 1291 2720 a
1334 2654 1545 2720 Piraei
1587 2653 1880 2734 regione,
1928 2650 2236 2717 adscendi
2277 2655 2590 2737 potuisse,
2636 2655 2799 2719 nihil

455 2769 638 2836 aliud
680 2767 934 2832 videtur
978 2762 1189 2828 dicere
1231 2756 1512 2821 voluisse
1554 2753 1936 2818 Plutarchus
1995 2773 2184 2836 quam
2239 2773 2349 2821 eos
2405 2756 2514 2838 qui
2570 2757 2801 2822 ominis

460 2892 656 2938 causa
711 2891 752 2934 a
807 2866 1001 2932 maris
1053 2863 1315 2944 regione
1369 2862 1660 2920 avertere
1715 2855 1960 2918 vellent
2016 2862 2301 2938 orantes,
2365 2857 2484 2921 hos
2539 2858 2802 2923 iussisse

458 2976 776 3060 pulpitum
818 2966 1168 3034 ascendere
1211 2961 1294 3026 ab
1339 2956 1843 3024 occidentalibus
1886 2956 2191 3038 gradibus
2232 2964 2303 3022 ut
2345 2958 2556 3022 statim
2585 2980 2799 3025 arcem

455 3076 930 3160 conspicerent,
985 3087 1069 3133 118
1123 3071 1193 3129 ut
1247 3067 1440 3126 antea
1492 3057 1728 3122 factum
1786 3063 1923 3121 erat
1964 3057 2047 3121 ab
2091 3057 2336 3124 oriente
2378 3061 2800 3126 ascendentes

458 3179 940 3262 prospectarent
979 3171 1048 3234 111
1089 3166 1285 3231 maris
1326 3160 1700 3241 Piraeeique
1742 3159 2058 3240 regiones.

626 3279 713 3343 At
768 3295 952 3355 vero,
1028 3267 1262 3335 dixerit
1315 3262 1664 3346 quispiam,
1739 3260 2119 3326 Plutarchus
2171 3282 2303 3326 non
2360 3262 2441 3329 de
2492 3264 2799 3347 gradibus

453 3375 791 3464 suggestus
847 3373 1155 3458 loquitur,
1229 3366 1345 3433 sed
1418 3364 1499 3430 de
1565 3364 1707 3445 ipso
1767 3368 2073 3444 suggestu
2129 3363 2423 3448 huncque
2475 3366 2543 3430 111
2599 3366 2796 3431 8118111
2900 3435 2904 3440 ,

456 3484 781 3565 regionem
837 3492 1212 3543 conversum
1265 3468 1463 3532 fuisse
1518 3486 1559 3529 a
1614 3464 2032 3546 trigintaviris
2097 3467 2335 3548 apertis
2389 3467 2601 3533 verbis
2656 3489 2799 3551 pro-

458 3585 754 3650 nunciat:
811 3579 888 3645 τὸ
931 3581 1141 3662 βῆμα,
1193 3571 1431 3654 inquit,
1491 3564 1661 3648 πρὸς
1703 3564 1820 3647 τὴν
1862 3565 2079 3647 χώραν
2126 3561 2575 3651 ἀπέστρεψαν.
2665 3570 2797 3636 Sed

454 3684 752 3772 βήματος
805 3679 1188 3748 vocabulum
1244 3692 1438 3755 quum
1493 3689 1624 3733 non
1678 3668 1881 3750 possit
1937 3667 2162 3734 divelli
2217 3689 2259 3733 a
2310 3671 2572 3737 notione
2615 3671 2797 3738 verbi

455 3784 707 3873 βαίνειν
780 3787 1114 3869 ipsumque
1185 3776 1268 3842 sit
1340 3772 1576 3838 dictum
1636 3776 1770 3834 tam
1826 3790 1868 3834 a
1920 3769 2228 3853 gradibus
2286 3775 2628 3855 (βαθμοῖς)
2688 3774 2795 3857 11111

453 3887 889 3956 ascenduntur
944 3902 1135 3967 quam
1190 3898 1232 3944 a
1286 3875 1562 3943 statione
1619 3871 1916 3953 oratoris,
1973 3871 2225 3939 videbis
2267 3894 2476 3957 neque
2518 3876 2609 3940 ita
2651 3876 2798 3942 Plu·

454 3992 660 4057 tarchi
700 3991 912 4054 locum
953 3980 1263 4066 refragari
1306 3980 1368 4044 ei
1411 3972 1825 4058 explicationi
1868 3994 2057 4055 quam
2100 3977 2564 4059 proposuimus.

626 4094 728 4158 Ex
769 4091 851 4157 iis
892 4088 1083 4171 igitur
1126 4102 1291 4167 quae
1337 4080 1614 4144 diximus
1657 4074 1780 4139 hoc
1821 4076 2094 4157 primum
2139 4079 2375 4161 elucet,
2431 4099 2471 4144 a
2527 4076 2796 4143 concilio

453 4192 1000 4279 trigintavirorum
1054 4206 1208 4254 vere
1260 4184 1424 4250 nihil
1480 4179 1612 4244 tale
1667 4176 1822 4259 quid
1869 4198 2151 4260 unquam
2193 4180 2448 4262 publice
2488 4186 2796 4245 novatum

458 4315 600 4362 esse
661 4296 729 4361 in
792 4299 1096 4377 suggestu
1148 4281 1636 4355 Atheniensium
1695 4279 1903 4361 *quale
1973 4287 2269 4347 narratur
2337 4303 2379 4347 a
2431 4283 2795 4363 Plutarcho,

455 4396 692 4464 deinde
736 4398 792 4463 si
834 4395 943 4481 qui
983 4395 1239 4460 fuerunt
1282 4395 1390 4477 qui
1431 4395 1730 4478 privatim
1773 4380 1983 4446 simile
2024 4383 2180 4468 quid
2220 4395 2435 4455 mente
2478 4386 2797 4471 agitarent
