3499 5219
1293 452 1425 459 ..---
1516 415 1596 480 89
1681 451 1817 458 „-

386 584 661 651 duxerat
689 585 1199 667 Dorenburgum.
1266 584 1719 667 spectantibus
1762 584 1955 666 igitur
1983 584 2296 650 convallis
2339 584 2728 651 subiacentis

383 688 841 752 amoenitatem
869 705 905 752 e
936 686 1260 769 superiore
1301 687 1464 768 loco,
1509 686 1719 752 subito
1749 685 2123 767 supervenit
2165 686 2462 770 princeps
2489 692 2724 767 noster,

381 790 524 857 sine
567 790 698 854 ullo·
743 789 1065 854 comitatu.
1153 785 1391 853 Omnes
1436 807 1611 868 eum,
1657 793 1726 851 ut
1770 808 1889 870 par
1931 794 2100 869 erat,
2157 787 2517 854 verecunde
2560 787 2727 852 salu-

381 896 713 973 taverunt,
758 896 1014 973 praeter
1056 908 1322 973 puerum
1366 909 1593 971 unum,
1641 889 1749 971 qui
1763 938 1780 971 ,
1840 890 2062 954 nativa
2103 890 2510 974 simplicitate
2553 909 2724 970 usus,

382 994 635 1060 obtecto
678 992 887 1076 capite
930 1011 1014 1057 ne
1056 991 1416 1056 mussitavit
1459 991 1735 1073 quidem.
1799 991 1905 1056 Ad
1949 1011 2094 1056 eum
2135 993 2345 1075 igitur,
2389 1000 2726 1076 postquam

382 1115 526 1160 cum
581 1098 997 1178 praeceptore
1052 1098 1117 1157 et
1172 1113 1313 1157 cum
1370 1092 1699 1177 discipulis
1755 1093 1980 1160 ceteris
2036 1094 2480 1160 confabulatus
2537 1099 2726 1175 esset,

380 1198 615 1263 leniter
657 1194 962 1260 accedere
1017 1192 1402 1261 CAROLVS
1454 1195 2001 1263 FRIDERICVS:
2076 1197 2229 1279 quin
2285 1203 2384 1278 tu,
2440 1196 2723 1278 puerule,

379 1297 589 1382 inquit
615 1297 965 1378 mitissime,
997 1297 1362 1380 exemplum
1391 1298 1658 1365 imitaris
1686 1305 2057 1381 ceterorum,
2103 1301 2211 1381 qui
2238 1299 2541 1363 maiorem
2570 1304 2727 1363 natu

383 1420 578 1483 quum
632 1399 855 1464 vident
909 1398 995 1463 ad
1050 1418 1121 1463 se
1176 1397 1619 1482 accedentem,
1686 1400 2137 1466 consalutant?
2213 1400 2398 1466 Certe
2452 1407 2519 1465 tu
2563 1400 2724 1464 nihil

380 1502 620 1567 audisti
664 1501 744 1566 de
788 1500 1141 1583 Spartanis.
1231 1500 1439 1578 Quum
1492 1501 1675 1566 illum
1732 1503 2212 1568 erubescentem
2267 1502 2724 1585 conspexisset,

380 1604 593 1670 statim
640 1623 710 1669 se
752 1602 1060 1667 convertit
1088 1601 1173 1665 ad
1217 1610 1713 1686 praeceptorem,
1761 1605 2119 1669 clanculum
2151 1624 2232 1669 ex
2261 1623 2336 1668 eo
2381 1624 2724 1685 quaerens:

383 1727 536 1771 num
593 1705 754 1770 forte
797 1704 1228 1787 asperioribus
1271 1705 1485 1771 verbis
1529 1710 1736 1781 (erant
1791 1712 2005 1772 autem
2060 1707 2413 1779 lenissima)
2459 1726 2725 1789 puerum

381 1805 815 1891 compellavi?
858 1807 990 1870 Fac
1032 1806 1224 1886 igitur
1267 1813 1334 1871 ut
1377 1814 1603 1890 postea
1645 1828 1748 1874 me
1778 1808 2135 1873 conveniat.
2197 1807 2384 1886 Quod
2426 1808 2536 1873 ubi
2576 1808 2727 1873 fecit

381 1910 496 1975 ille
538 1930 669 1974 non
698 1909 902 1973 solum
934 1908 1195 1972 comiter
1222 1928 1299 1973 ac
1327 1910 1502 1973 laute
1534 1929 1677 1973 eum
1708 1910 1978 1993 excepit,
2025 1909 2142 1975 sed
2170 1910 2382 1992 etiam,
2428 1917 2497 1974 ut
2541 1911 2722 1991 solet,

382 2032 524 2076 cum
567 2009 958 2075 munusculis
1003 2008 1287 2090 demisit,
1347 2030 1429 2075 ne
1473 2012 1669 2076 verbo
1713 2011 1971 2093 quidem
2027 2011 2247 2076 addito
2293 2011 2375 2077 de
2432 2013 2726 2094 neglecta

380 2112 786 2193 verecundia,
834 2112 1012 2176 cuius
1041 2111 1437 2194 vituperatae
1468 2133 1612 2178 eum
1654 2120 1880 2196 postea
1918 2113 2054 2179 fere
2098 2114 2425 2197 poenituit.
2494 2116 2570 2178 In
2601 2135 2728 2196 qua

380 2234 451 2279 re
493 2235 623 2278 non
665 2214 876 2278 minus
920 2213 1178 2296 pietatis
1223 2233 1500 2293 sensum,
1547 2235 1736 2296 quam
1769 2216 2094 2298 egregium
2139 2215 2337 2280 animi
2380 2215 2725 2282 candorem

383 2335 807 2398 magnamque
860 2315 1333 2398 simplicitatem
1377 2318 1834 2399 comprobavit.
1921 2317 2187 2382 Possum
2245 2318 2375 2382 alia
2429 2321 2727 2401 exempla

381 2418 682 2501 proferre,
730 2417 845 2482 sed
889 2437 1138 2492 cursum
1183 2417 1434 2482 tenebo,
1524 2419 1723 2500 Nam,
1783 2425 1853 2483 ut
1895 2440 2020 2483 uno
2064 2419 2259 2484 verbo
2304 2420 2520 2484 omnia
2562 2441 2726 2484 com-

380 2521 655 2603 plectar,
716 2540 845 2583 una
906 2519 1028 2583 hac
1083 2519 1325 2602 pietate
1382 2527 1709 2585 assecutus
1757 2527 1854 2586 est
1908 2522 2206 2604 princeps
2262 2522 2723 2607 serenissimus,

383 2622 554 2705 quod
597 2643 728 2687 non
770 2621 958 2686 facile
1001 2621 1199 2685 alium
1244 2622 1597 2705 principem
1641 2630 2001 2688 assecutum
2032 2642 2173 2688 esse
2202 2623 2458 2705 dixeris,
2507 2633 2575 2690 ut
2616 2647 2725 2692 ne·

383 2725 619 2790 minem
663 2743 942 2805 unquam
985 2723 1245 2787 laeserit
1289 2744 1544 2789 suorum
1589 2725 1854 2806 civium,
1922 2725 2367 2807 neminemque
2408 2726 2727 2793 invenerit

381 2825 726 2891 inimicum.
794 2825 962 2904 Quid
1005 2825 1196 2906 igitur
1238 2826 1464 2890 mirum
1495 2833 1609 2907 est,
1658 2826 1936 2891 eandam
1981 2827 2303 2909 pietatem,
2351 2848 2542 2909 quam
2585 2830 2725 2912 ipse

380 2929 679 3012 princeps
720 2928 956 3009 ubique
999 2926 1316 3010 praestitit
1360 2927 1523 3009 aliis,
1571 2929 1879 3011 populum
1922 2929 2131 3011 ipsum
2175 2949 2326 3011 erga
2370 2930 2723 3015 principem

382 3051 562 3095 suum
606 3035 997 3095 monstrasse
1038 3035 1190 3108 tum,
1238 3048 1429 3110 quum
1471 3030 1708 3111 gallica
1752 3030 1982 3095 seditio
2028 3031 2220 3095 etiam
2250 3030 2337 3095 ad
2367 3031 2724 3099 Germanos

381 3138 682 3216 serperet,
725 3137 918 3212 atque
961 3131 1293 3210 scintillas,
1337 3130 1465 3195 iam
1511 3131 1758 3214 pridem
1803 3131 1920 3196 sub
1965 3133 2176 3197 cinere
2217 3133 2513 3214 latentes,
2559 3136 2725 3200 exci-

380 3240 561 3298 taret.
608 3233 702 3297 Ac
731 3232 1003 3315 primum
1034 3231 1290 3313 quidem
1320 3231 1604 3297 confiteri
1623 3253 1741 3316 par
1771 3239 1888 3313 est,
1921 3215 2237 3315 'permulta
2264 3233 2461 3300 fuisse
2485 3235 2554 3299 in
2571 3236 2724 3302 Ger-
2758 3263 2767 3272 ,

379 3334 599 3399 mania
626 3334 943 3415 etiamque
972 3353 1141 3397 nunc
1170 3353 1332 3415 esse,
1373 3354 1536 3415 quae
1565 3334 2014 3400 emendatione
2037 3334 2389 3417 indigeant.
2448 3336 2627 3415 Quae
2656 3345 2725 3402 ut

379 3543 541 3603 rent.
586 3536 703 3601 His
732 3536 1080 3602 accedebat
1123 3537 1597 3618 generosiorum
1641 3545 1967 3621 pectorum
2008 3538 2513 3621 antiquissimum
2551 3541 2725 3606 altis·

380 3639 735 3720 simumque
751 3636 1156 3720 desiderium,
1183 3645 1253 3702 ut
1276 3640 1391 3704 toti
1409 3639 1795 3705 Germaniae
1820 3645 2074 3705 nostrae
2090 3640 2348 3706 tandem
2373 3641 2723 3723 aliquando

379 3740 436 3806 is
458 3742 636 3805 locus
659 3739 1110 3804 concederetur
1150 3740 1317 3805 inter
1344 3742 1616 3824 populos
1645 3742 1963 3825 Europae,
2010 3763 2132 3824 quo
2177 3743 2555 3825 dignissima
2584 3765 2725 3811 esse

380 3842 634 3907 videtur
653 3847 912 3924 propter
931 3841 1331 3923 ingeniorum
1356 3843 1729 3924 ubertatem,
1771 3843 2123 3909 litterarum
2150 3845 2560 3927 affluentiam,
2623 3867 2724 3912 co-

382 3943 633 4027 piarum
661 3943 1186 4025 magnitudinem,
1235 3943 1406 4024 quod
1437 3943 1570 4009 fieri
1596 3965 1726 4009 non
1749 3964 1939 4028 posse
1982 3944 2391 4028 credebatur,
2437 3947 2562 4012 nisi
2588 3954 2723 4012 tota

382 4045 728 4111 Germania
743 4045 861 4109 sub
878 4065 1072 4108 unum
1088 4044 1424 4127 imperium
1437 4053 1722 4129 accepta.
1755 4046 2000 4125 Quibus
2013 4044 2237 4110 addita
2252 4054 2349 4111 est
2375 4047 2562 4113 tertia
2572 4069 2724 4130 pars

384 4166 618 4228 eorum,
667 4147 774 4228 qui
818 4146 1073 4209 omnino
1118 4166 1427 4211 novarum
1471 4166 1700 4229 rerum,
1745 4147 2162 4231 inprimisque
2190 4168 2501 4213 novarum
2545 4150 2724 4214 tabu-

379 4249 586 4314 larum
632 4246 866 4331 cupidi,
919 4247 1176 4312 mutatis
1221 4248 1645 4332 qualicunque
1686 4248 1878 4313 modo
1923 4248 2130 4332 rebus,
2177 4250 2244 4313 in
2286 4251 2609 4316 licentiam
2654 4271 2725 4317 se

381 4349 777 4415 vindicatum
821 4348 899 4412 iri
957 4350 1323 4430 sperabant.
1412 4352 1466 4415 E
1524 4352 1752 4433 quibus
1809 4351 1854 4415 ii
1912 4370 2067 4432 quos
2122 4351 2331 4434 priore
2388 4352 2529 4416 loco
2591 4352 2725 4417 dixi
