3499 5219
1275 443 1836 505 —291-——

386 612 553 675 alter
595 630 655 674 a.
712 608 792 676 U.
841 608 908 675 C.
966 609 1201 676 DCIX.
1291 611 1421 676 Sed
1475 631 1662 677 nemo
1718 617 2006 677 veterum
2060 611 2166 676 vel
2222 612 2419 679 verbo
2462 613 2730 695 monuit,

388 712 458 778 C.
505 712 822 794 Crassum,
869 710 1006 777 Caii
1049 713 1379 796 Sempron.
1426 713 1693 779 Gracchi
1752 713 2055 796 amicum,
2113 715 2391 780 movisse
2446 715 2736 797 agrarias

388 815 755 897 seditiones,
802 835 968 897 quae
1009 816 1095 880 ab
1138 835 1215 880 eo
1256 835 1494 880 nomen
1537 815 1870 899 ducerent,
1915 835 2065 898 nec,
2111 816 2167 881 si
2209 816 2409 881 movit
2450 837 2741 899 unquam

384 915 634 998 aliquid
674 917 827 981 novi
868 916 946 979 de
987 927 1217 1001 septem
1262 917 1574 999 iuqem‘bus
1601 938 1864 1001 rogasse
1893 918 2216 1001 putandus
2260 925 2375 1001 est,
2423 918 2593 1002 quod
2637 938 2748 984 se·—

388 1026 565 1102 ptem
607 1018 724 1083 illa
764 1017 986 1101 iugera
1044 1020 1416 1101 plerumque
1472 1019 1674 1084 dividi
1729 1020 1907 1104 plebi
1949 1021 2263 1085 solebant.
2323 1020 2399 1085 V.
2451 1019 2514 1086 C.
2562 1021 2739 1086 Plz‘rt.

388 1121 469 1185 H.
517 1121 597 1184 N.
643 1119 888 1202 XVIII,
936 1125 994 1184 4.
1040 1120 1247 1183 Mam‘z'
1287 1122 1528 1205 quidem
1577 1119 1758 1185 Curii
1793 1159 1873 1167 —-
1921 1132 2067 1184 nota
2125 1124 2336 1185 concio
2395 1132 2518 1196 θεῖς
2574 1144 2730 1207 per-

388 1224 685 1284 niciosum
752 1223 1044 1303 z‘ntelliqit
1103 1224 1322 1300 civem,
1391 1225 1494 1284 cui
1549 1233 1781 1307 septem
1838 1225 2056 1306 iuqera
2121 1245 2242 1287 non
2301 1235 2505 1287 essent
2556 1226 2726 1287 sanis.

394 1323 577 1386 Haec
635 1334 837 1386 autem
893 1344 1180 1386 mens-ura
1233 1324 1447 1409 plebei
1494 1335 1644 1410 post
1697 1336 1958 1389 exactos
2013 1349 2035 1389 7
2036 1348 2193 1409 ’6983
2249 1333 2557 1410 ass-synam
2617 1336 2725 1389 est.

390 1428 466 1491 Τ.
514 1427 653 1490 Liv.
699 1425 775 1507 V,
825 1429 923 1490 30.
969 1427 1272 1511 Adeoque
1316 1448 1388 1489 ea.
1445 1429 1707 1490 vi‘ctorza
1765 1430 1928 1491 laeta
1963 1428 2255 1513 patrebus
2276 1427 2449 1511 fuit,
2507 1438 2579 1490 ut
2607 1449 2730 1513 po-

387 1538 558 1590 stero
605 1528 705 1590 die
746 1526 1165 1607 referentibus
1207 1528 1555 1591 consulibus
1594 1531 2184 1593 senatusconsultum
2211 1530 2426 1616 fieret,
2477 1540 2549 1592 ut
2588 1550 2727 1613 aym

399 1629 726 1692 Vezwentam
774 1639 1025 1713 septena
1080 1651 1298 1713 mqera
1350 1630 1523 1716 plebe
1574 1632 2018 1695 admitterentur.
2108 1632 2277 1711 Quid
2336 1633 2506 1715 quod
2564 1632 2728 1698 adeo

387 1732 538 1796 trita
585 1737 766 1796 erant
808 1730 933 1796 ista
976 1739 1219 1815 septem
1262 1734 1502 1816 iugera,
1548 1740 1618 1798 ut
1662 1735 2003 1800 substituta
2035 1736 2117 1800 ab
2148 1735 2409 1799 librario
2453 1734 2729 1816 quodam

389 1853 532 1899 esse
575 1833 915 1898 videantur
955 1835 1265 1899 vocabulo
1309 1836 1518 1900 minus
1549 1835 1911 1901 tralaticio?
1966 1835 2167 1901 Addit
2193 1837 2438 1920 Popma
2482 1843 2726 1919 septem

387 1935 610 2017 iugera
663 1934 944 1999 forensia
1001 1955 1141 2002 esse
1196 1957 1303 2017 ea,
1365 1957 1528 2019 quae
1582 1938 1648 2002 in
1707 1938 1843 2002 foro
1901 1938 1964 2016 (i.
2025 1958 2080 2005 e.
2139 1938 2409 2004 comitiis
2449 1937 2724 2012 tributis)

387 2038 659 2121 primum
702 2037 1029 2118 assignata
1073 2038 1199 2104 sint
1240 2039 1435 2121 plebi,
1482 2060 1671 2121 quum
1715 2047 1868 2105 ante
1926 2039 1993 2105 C.
2042 2039 2335 2105 Crassum
2381 2040 2615 2105 factum
2658 2039 2727 2104 id

391 2145 559 2204 esset
603 2144 862 2203 senatus
905 2141 1209 2205 consulto.
1303 2140 1537 2206 Contra
1580 2141 1751 2223 quod
1794 2143 1934 2225 ipse
1964 2141 2392 2208 Schneiderus
2436 2142 2726 2225 pluribus

390 2241 702 2323 exemplis
746 2240 957 2305 docuit
997 2241 1127 2306 iam
1170 2251 1319 2308 ante
1363 2263 1602 2307 annum
1646 2243 1861 2308 DCIX
1917 2245 2277 2328 assignatos
2320 2264 2512 2326 agros,
2550 2243 2726 2327 plebi

388 2342 583 2407 fuisse
612 2342 982 2424 rogantibus
1006 2344 1275 2409 tribunis
1305 2345 1532 2428 plebis.
1579 2346 1825 2429 Neque,
1871 2353 1940 2411 ut
1967 2347 2088 2412 hoc
2116 2346 2451 2428 addamus,
2482 2345 2728 2428 Popma

388 2442 695 2509 satisfecit
736 2447 1185 2526 quaerentibus
1228 2447 1752 2530 interpretatione
1796 2469 1912 2514 sua
1955 2450 2165 2514 educti
2210 2469 2290 2514 ex
2321 2448 2573 2513 comitio
2618 2468 2726 2531 po-

388 2546 557 2630 puli3
621 2545 785 2611 nihil
829 2567 1014 2640 porro
1059 2549 1303 2613 monuit
1360 2548 1441 2615 de
1483 2549 1599 2615 illa
1639 2550 1914 2617 formula
1965 2552 2179 2635 legum
2223 2571 2446 2634 parum
2491 2549 2726 2616 usitata

388 2651 450 2710 in
495 2658 725 2732 septem
755 2652 989 2730 infler-(1.
1050 2652 1195 2717 Iure
1225 2652 1416 2733 igitur
1443 2652 1603 2717 haec
1634 2654 1954 2719 sententia
1983 2654 2364 2738 exploditur.
2431 2653 2726 2736 Sequitur

387 2750 671 2833 Pighius,
718 2751 821 2832 qui
865 2752 1099 2816 Annal.
1145 2752 1230 2817 ad
1272 2775 1421 2818 ann.
1454 2754 1728 2820 DCVIII
1773 2761 1860 2839 (p.
1907 2759 2055 2831 463)
2083 2756 2236 2822 item
2268 2756 2349 2821 de
2381 2754 2447 2820 C.
2478 2754 2724 2819 Licinio

390 2851 458 2917 C.
505 2853 576 2917 F.
625 2852 692 2917 C.
739 2853 818 2917 N.
866 2852 1093 2919 Crasso
1137 2856 1390 2937 cogitat,
1438 2856 1553 2921 sed
1595 2858 1705 2940 ita,
1752 2865 1822 2922 ut
1867 2857 1949 2923 de
1994 2878 2071 2923 ea
2108 2859 2355 2923 ratione
2399 2856 2611 2922 Crassi
2639 2855 2725 2920 ad

388 2956 694 3037 populum
739 2955 976 3036 agendi
1016 2956 1438 3040 intelligenda
1495 2960 1709 3024 omnia
1763 2979 1903 3025 esse
1960 2966 2251 3042 censeat,
2311 2979 2476 3041 quae
2532 2977 2725 3040 expo-

387 3064 578 3121 natur
643 3078 684 3121 a
747 3055 1050 3123 Cicerone
1115 3059 1292 3125 Lael.
1356 3064 1490 3125 25.:
1563 3064 1774 3145 Atque
1837 3063 1892 3123 is
1948 3061 2038 3135 (C.
2103 3061 2388 3126 Licinius
2433 3060 2723 3137 Crassus)

384 3160 653 3243 primum
726 3159 990 3221 instituit
1060 3162 1123 3222 in
1174 3162 1407 3244 forum
1471 3184 1685 3225 versus
1743 3184 1924 3244 aqcre
1982 3183 2115 3225 cum
2167 3162 2435 3246 popula,
2508 3163 2724 3243 (quum

387 3267 582 3325 antea
640 3260 958 3325 comitium
1015 3282 1237 3328 versus
1295 3271 1358 3330 et
1414 3265 1649 3330 curiam
1707 3286 1888 3331 orare
1945 3271 2359 3331 consuessent
2422 3263 2498 3328 V.
2555 3263 2721 3328 Plut.

393 3361 461 3427 C.
510 3363 776 3428 Gracch.
823 3367 927 3439 5.).
1017 3364 1146 3431 Sed
1199 3367 1307 3448 qui
1350 3367 1609 3433 tandem
1653 3368 1775 3432 hoc
1818 3366 2174 3450 significare
2217 3372 2484 3450 possunt
2526 3366 2725 3430 verba

389 3463 725 3531 Varronis:
784 3467 1003 3532 eduxit
1059 3467 1351 3546 (adduxit
1406 3469 1641 3535 callide
1695 3470 1982 3552 Pighius)
2038 3470 2343 3554 populum
2390 3487 2426 3533 e
2469 3466 2722 3532 comitio

388 3568 456 3631 in
501 3575 746 3651 septem
788 3570 1008 3651 iugera
1034 3564 1359 3637 forensia?
1412 3573 1580 3637 Num
1610 3592 1763 3637 vere
1791 3572 2154 3655 putabimus
2185 3577 2474 3654 „septem
2503 3569 2724 3651 iugera

388 3670 668 3735 forensia
724 3670 924 3735 forum
983 3693 1313 3739 romanum
1370 3675 1600 3740 rustice
1655 3674 1870 3739 vocari
1929 3694 1969 3738 a
2023 3674 2341 3755 Varrone,
2411 3672 2585 3737 cuius
2644 3690 2723 3736 ea

389 3779 540 3836 tunc
600 3773 952 3855 amplitudo
1008 3777 1114 3840 vel
1173 3796 1471 3842 mensura
1529 3778 1667 3843 sine
1722 3776 1974 3841 comitio
2031 3776 2219 3842 fuerit
2232 3773 2310 3839 ‘?“
2381 3774 2464 3840 Et
2519 3774 2573 3839 si
2615 3774 2722 3838 vel

388 3873 667 3938 maxime
723 3875 844 3939 hoc
905 3876 1259 3958 significare
1313 3880 1558 3961 possint
1613 3879 1811 3945 verba
1848 3878 2188 3961 Varronis,
2235 3875 2389 3962 quid
2431 3875 2593 3941 illud
2636 3873 2721 3939 ad

390 3976 676 4058 agrarias
718 3977 1101 4060 rogationes,
1151 3979 1231 4045 de
1275 3979 1501 4061 quibus
1544 3982 1730 4047 unice
1774 3981 1975 4046 Varro
2032 3977 2356 4063 loquitur?
2428 3977 2721 4059 Denique

390 4099 502 4143 cur
544 4077 828 4160 tandem¹
849 4080 926 4142 de
959 4080 1248 4164 pluribus
1291 4084 1520 4165 leyibus
1548 4083 1708 4149 dixit
1737 4084 1959 4166 Varro,
2005 4083 2090 4147 ad
2121 4102 2280 4165 quas
2314 4077 2721 4164 accipiendas

391 4180 459 4245 C.
504 4180 786 4246 Licinius
828 4184 1132 4267 populum
1193 4203 1229 4249 e
1286 4186 1538 4249 comitio
1594 4186 1913 4302 eduxerit,
1977 4207 2168 4270 quum
2214 4190 2456 4267 septem
2500 4182 2722 4261 iugera

388 4283 566 4365 plebi
598 4282 951 4348 dividunda
980 4306 1099 4347 una
1127 4287 1272 4368 lege
1300 4288 1656 4352 necessario
1685 4285 2206 4355 continerentur?
2248 4283 2719 4367 Ineptissimam

389 4385 582 4468 igitur
638 4386 846 4469 Pighii
903 4387 1213 4452 rationem
1273 4388 1594 4454 Gesnerus
1650 4396 1714 4453 et
1769 4387 2194 4455 Schneiderus
2249 4386 2558 4469 adoptare
2614 4382 2718 4464 qui

2223 4488 2314 4540 19*

1597 4673 1608 4708 >¹
