3499 5219
1676 392 2205 455 ——42—

773 561 1155 627 Possidebat
1198 558 1475 642 quidem,
1522 564 1591 623 ut
1632 558 1775 642 ipse
1817 558 1992 640 dicit,
2038 558 2156 625 sed
2197 560 2528 642 aliquanto
2559 560 2780 642 serius,
2831 579 3019 643 quam
3048 569 3119 627 ut

773 670 943 730 recte
985 663 1108 728 frui
1150 666 1400 745 posset,
1475 661 1649 722 ruris
1692 680 1843 744 opes
1879 681 2115 743 parvas
2171 662 2262 738 (in
2303 662 2670 744 regionibus
2725 664 2878 747 pagi
2920 664 3117 731 Ienae

771 765 1135 841 Prisnitiae)
1181 768 1245 827 et
1288 780 1446 827 sane
1481 760 1728 844 favore
1757 761 1992 833 ducum,
2042 782 2305 844 quorum
2332 763 2755 830 beneficentia
2782 773 3118 850 acceperat

772 869 951 933 mille
993 885 1242 946 aureos,
1289 884 1481 947 quum
1512 863 2012 945 Heidelbergam
2055 871 2319 930 vocatus
2363 870 2565 948 esset3
2609 866 2744 949 sed,
2790 874 2860 932 ut
2886 870 3116 936 melius

770 971 1010 1036 coleret
1064 968 1345 1051 agellum
1363 1014 1380 1049 ,
1454 986 1571 1049 per
1611 964 1985 1031 Mordisium
2041 966 2226 1049 petiit
2282 966 2365 1031 ab
2409 968 2704 1034 Electore
2746 971 3053 1054 Augusto,
3071 973 3113 1050 ¹)

771 1080 843 1137 ut
885 1072 1008 1137 sibi
1052 1076 1116 1135 et
1156 1069 1328 1134 natis
1372 1068 1502 1133 suis
1545 1068 1826 1150 benigne
1869 1067 2245 1132 redderetur
2288 1068 2460 1150 quod
2502 1090 2720 1135 socero
2751 1090 2865 1136 suo
2895 1073 3114 1138 nescio

771 1195 899 1258 qua
943 1174 1025 1239 de
1069 1191 1263 1237 causa
1306 1170 1584 1236 debebat
1626 1171 1779 1234 aula
1807 1167 2147 1234 Saxonica.
2213 1171 2643 1237 Nihilominus
2672 1179 2890 1239 tamen
2918 1174 3116 1240 Musis

770 1297 841 1343 se
887 1274 1212 1342 dedidisse
1254 1293 1582 1355 nunquam
1626 1292 1773 1338 eum
1816 1271 2148 1354 poenituit.
2235 1272 2459 1336 Fidem
2511 1293 2692 1338 suam
2748 1281 2811 1339 et
2867 1277 3116 1358 patriae
3168 1357 3178 1363 μ

771 1385 835 1445 et
891 1376 1284 1463 principibus
1341 1373 1677 1440 Saxonicis
1738 1379 1803 1438 et
1856 1374 2080 1438 amicis
2138 1374 2268 1438 suis
2333 1393 2584 1458 semper
2653 1376 2980 1459 probavit,
3049 1384 3117 1443 et
3154 1438 3156 1441 ,

770 1482 1019 1565 patriae
1063 1478 1320 1562 quidem
1361 1497 1493 1543 non
1548 1477 1756 1542 solum
1811 1481 1945 1540 tum
2001 1494 2195 1556 quum
2239 1473 2636 1541 Christianus
2679 1478 2819 1542 Rex
2863 1479 3116 1544 Daniae

768 1581 1123 1666 Brunopoli
1162 1581 1233 1646 in
1288 1600 1470 1646 suam
1524 1579 1849 1643 civitatem
1907 1596 2053 1641 eum
2108 1596 2430 1642 arcessere
2486 1579 2865 1662 conabatur,
2881 1582 2926 1657 2)
2999 1580 3115 1647 sed

770 1685 963 1750 etiam
1036 1703 1230 1766 quum
1283 1682 1446 1747 Iena
1517 1686 1782 1745 vocatus
1837 1677 2337 1761 Heidelbergam
2388 1678 2472 1744 ab
2529 1678 2782 1747 Othone
2838 1682 3113 1748 Henrico

769 1788 1065 1852 Electore
1108 1784 1407 1849 Palatino
1451 1783 1783 1847 maluisset
1825 1781 2024 1847 Ienae
2069 1780 2329 1863 docere,
2404 1802 2594 1863 quam
2639 1784 2842 1848 auctis
2886 1784 3113 1867 opibus

769 1886 1242 1968 Heidelbergae
1286 1885 1506 1949 vivere
1522 1933 1538 1965 ,
1556 1884 1601 1961 ³)
1672 1883 1965 1965 inprimis
2008 1888 2223 1948 autem
2276 1889 2411 1947 tum
2426 1931 2442 1964 ,
2518 1903 2711 1966 quum
2768 1885 2852 1950 ab
2896 1886 3114 1951 Ioach.

770 1988 1134 2056 Camerario
1178 1987 1455 2051 monitus
1499 1992 1569 2050 ut
1610 1985 1889 2050 Mauritii
1930 1985 2245 2051 Electoris
2303 1991 2448 2050 acta
2502 1992 2758 2052 ornaret
2811 1989 3110 2070 carmine,

766 2091 1056 2156 modeste
1100 2089 1357 2172 quidem
1402 2087 1519 2153 sed
1561 2088 1758 2171 plane
1801 2107 1877 2151 ac
1920 2087 2295 2171 simpliciter
2334 2090 2543 2152 renuit
2558 2089 2603 2162 ⁴)
2668 2090 2925 2172 egregie
2982 2111 3115 2155 cor-

768 2192 958 2258 datus
1000 2191 1223 2275 hom03
1268 2211 1418 2255 nam
1464 2190 1571 2271 qui
1599 2189 1874 2254 Iohanni
1902 2188 2227 2254 Friderico
2273 2210 2344 2256 se
2383 2189 2722 2255 addixerat
2750 2212 2880 2256 non
2909 2193 3114 2275 potuit

767 2293 1131 2360 Mauritium
1175 2292 1518 2358 celebrare.
1534 2292 1578 2368 ⁵)
1665 2288 1873 2369 Quam
1927 2289 2135 2356 fidelis
2191 2311 2344 2356 vero
2401 2292 2640 2357 amicus
2693 2293 2884 2358 fuerit
2937 2314 3113 2357 mon-

765 2395 993 2462 stravit
1032 2394 1102 2460 in
1159 2414 1354 2459 causa
1398 2393 1462 2458 S.
1507 2393 1791 2474 Lemnii,
1863 2393 2205 2476 praecipue
2260 2413 2413 2458 vero
2473 2394 2772 2459 diuturna
2826 2396 3110 2478 caritate,

767 2518 896 2581 qua
937 2495 1497 2562 Melanchthonem
1542 2495 1879 2576 amplexus
1926 2501 2050 2576 est,
2113 2515 2254 2559 cum
2298 2515 2422 2577 quo
2465 2495 2556 2560 ita
2599 2497 3112 2563 coniunctissime

767 2606 832 2667 et
875 2595 1308 2665 amantissime
1351 2596 1531 2678 vixit,
1548 2595 1592 2675 ⁶)
1637 2602 1706 2661 ut
1734 2596 2250 2663 Melanchthonis
2281 2597 2634 2664 adversarii
2663 2597 2887 2665 fierent
2914 2600 3111 2683 plane

764 2702 1006 2767 inimici
1085 2698 1365 2782 Stigelii,
1456 2698 1564 2780 qui
1648 2698 2000 2763 confutavit
2086 2699 2465 2765 Stancarum
2478 2749 2495 2782 ,
2510 2701 2555 2776 ⁷)
2643 2698 3046 2784 Osiandrum,
3062 2703 3107 2778 ⁸)

763 2804 1075 2868 Ioannem
1118 2800 1549 2885 Agricolam,⁹)
1595 2798 1853 2865 Crotum
1896 2801 2365 2883 Rubeanum‚¹⁰)
2408 2801 2794 2885 Langium¹¹)
2841 2801 2909 2868 C.
2954 2804 3110 2870 Bru-

765 2905 925 2971 schii
966 2904 1268 2987 amicum,
1329 2903 1549 2986 Steph.
1602 2903 1904 2967 Doletum
1920 2950 1936 2984 ,
1956 2904 2019 2978 ¹²²)
2078 2901 2495 2985 Cochlaeum,
2512 2903 2579 2981 ¹⁸)
2635 2905 2897 2970 Eccium
2951 2906 3109 2969 mul-

762 3012 989 3089 tosque
1032 3006 1228 3089 alios3
1273 3011 1607 3089 praeterea
1651 3004 1951 3086 quicquid
1994 3005 2100 3069 vel
2143 3005 2300 3069 laeti
2341 3007 2447 3071 vel
2487 3006 2741 3071 adversi
2770 3007 3107 3072 accidisset

764 3107 1245 3174 Melanchthoni
1300 3107 1778 3190 epigrammatis
1839 3106 2096 3190 extulit3
2169 3107 2260 3172 sic
2330 3109 2614 3174 luxatam
2676 3109 3105 3191 praeceptoris

768 3329 1374 3336 ——-———

900 3497 936 3561 ¹)
970 3495 1030 3548 Τ.
1067 3497 1138 3545 11.
1174 3497 1210 3548 f.
1251 3499 1349 3549 126
1383 3513 1428 3544 v.
1567 3495 1606 3552 ²)
1645 3496 1809 3546 ..Nam
1844 3512 1999 3560 quum
2034 3496 2090 3545 in
2126 3498 2382 3546 Brunonis
2417 3496 2540 3545 urbe
2575 3498 2927 3547 convenissent
2960 3497 3105 3563 prin·

765 3583 930 3648 cipes,
966 3582 1075 3632 Rex
1109 3582 1303 3631 Daniae
1340 3580 1687 3641 Christianus,
1725 3582 1841 3645 pius
1877 3564 1941 3630 et*
1962 3580 2110 3630 fortis
2145 3581 2409 3646 princeps»,
2458 3583 2547 3645 qui
2581 3582 2714 3631 istuc
2749 3582 2903 3631 etiam
2936 3597 3104 3632 acces-

763 3670 912 3727 serat,
948 3666 1113 3732 ipsius
1148 3665 1392 3730 (Stigelii)
1432 3680 1630 3730 quoque
1666 3681 1871 3729 operam
1906 3664 2223 3716 desiderabat
2257 3665 2321 3715 ad
2354 3665 2786 3730 gubernationem.
2856 3667 2969 3716 Hoc
3004 3668 3103 3717 etsi

762 3752 915 3802 certis
961 3751 1022 3801 de
1069 3750 1236 3801 causis
1283 3754 1335 3799 et
1386 3749 1599 3799 maxime
1648 3766 1816 3799 amore
1850 3749 2045 3814 patriae
2081 3754 2360 3811 recusaret,
2421 3755 2588 3801 tamen
2623 3767 2710 3800 rex
2742 3767 2847 3801 nou
2892 3766 3102 3816 parvam

762 3851 1006 3887 summam
1060 3835 1204 3885 aurei
1250 3835 1569 3884 numismatis
1618 3839 1827 3899 propter
1877 3833 2072 3899 ingenii
2126 3837 2489 3900 praestantiam
2542 3836 2645 3902 ipsi
2695 3836 2904 3886 donavit
2949 3840 3102 3900 atque

759 3936 954 3974 summa
1001 3936 1116 3970 cum
1169 3918 1438 3969 clementia
1488 3918 1735 3970 dimisit.“
1805 3920 1890 3968 Sic
1947 3918 2218 3971 Fincelius.
2288 3920 2366 3971 Cf.
2417 3920 2595 3987 Stigel.
2665 3920 2721 3971 T.
2758 3922 2829 3972 ΙΙ.
2874 3920 2910 3972 f.
2957 3923 3020 3973 85
3058 3939 3100 3973 r.

760 4007 798 4068 ³)
833 4006 891 4057 T.
928 4006 999 4056 Π.
1035 4004 1071 4054 f.
1121 4005 1184 4055 85
1236 4020 1279 4052 v.
1419 4004 1459 4066 ⁴)
1510 4003 1570 4053 V.
1626 4003 1896 4069 epistolam
1956 4004 2162 4069 Stigelii
2219 4004 2282 4054 ad
2335 4004 2686 4055 Camerarium.
2747 4006 2920 4056 Addit.
2972 4006 3099 4058 1111.

759 4091 798 4155 ⁵)
836 4092 953 4157 Ipse
1000 4090 1042 4139 Ι.
1081 4086 1397 4137 Camerarius
1444 4094 1621 4154 postea
1668 4087 1951 4154 periculum
2004 4089 2127 4139 fecit
2174 4089 2474 4139 Mauritium
2525 4091 2748 4140 carmine
2793 4090 3099 4154 celebrandi,

759 4175 848 4226 sed
882 4190 984 4225 non
1018 4174 1096 4224 ita
1129 4172 1350 4222 feliciter
1383 4188 1461 4222 res
1498 4175 1669 4225 cessit.
1737 4174 1799 4224 V.
1835 4176 1877 4225 l.
1918 4172 2193 4226 Camerarii
2228 4174 2481 4223 orationes
2510 4173 2573 4226 X.
2600 4175 2743 4241 Lips.
2767 4177 2914 4228 1569.
2944 4191 2994 4242 p.
3016 4177 3097 4229 30.

757 4264 797 4324 ⁶)
836 4262 889 4312 C.
927 4259 1036 4311 Res.
1072 4258 1191 4310 VII.
1226 4273 1281 4324 p.
1315 4258 1431 4310 958.
1511 4275 1515 4280 ·
1570 4257 1606 4325 ⁷)
1644 4258 1700 4308 T.
1737 4260 1783 4312 Ι.
1817 4259 1851 4309 f.
1872 4260 1987 4312 462.
2124 4258 2164 4322 ⁸)
2202 4258 2260 4308 T.
2279 4259 2321 4307 I.
2349 4258 2382 4308 f.
2403 4261 2518 4311 461.
2652 4260 2692 4324 ⁹)
2729 4259 2785 4310 T.
2809 4261 2851 4312 Ι.
2877 4260 2911 4311 f.
2929 4262 3030 4312 458
3049 4277 3095 4311 v.

759 4346 816 4408 ¹⁰)
853 4346 910 4399 T.
946 4347 988 4397 Ι.
1025 4344 1060 4396 f.
1098 4344 1197 4395 458
1233 4360 1282 4396 v,
1420 4343 1473 4404 ¹¹)
1509 4342 1568 4396 T.
1606 4344 1648 4396 Ι.
1683 4343 1718 4395 f.
1758 4345 1857 4395 449
1893 4361 1939 4394 v.
2077 4341 2133 4407 ¹²)
2171 4343 2226 4392 T.
2248 4344 2290 4393 Ι.
2311 4343 2344 4394 f.
2373 4344 2470 4394 452
2494 4360 2537 4393 v.
2677 4343 2731 4407 ¹³)
2770 4343 2825 4394 T.
2851 4345 2894 4394 Ι.
2918 4344 2953 4395 f.
2976 4347 3095 4397 450.
