<?xml version="1.0" encoding="UTF-8"?>
<!DOCTYPE html PUBLIC "-//W3C//DTD XHTML 1.0 Transitional//EN"
    "http://www.w3.org/TR/xhtml1/DTD/xhtml1-transitional.dtd">
<html xmlns="http://www.w3.org/1999/xhtml" xml:lang="en" lang="en">
 <head>
  <title>
</title>
<meta http-equiv="Content-Type" content="text/html;charset=utf-8" />
  <meta name='ocr-system' content='tesseract 3.04.00' />
  <meta name='ocr-capabilities' content='ocr_page ocr_carea ocr_par ocr_line ocrx_word'/>
</head>
<body>
  <div class='ocr_page' id='page_1' title='image "./opusculaacademi00goetgoog_0205.png"; bbox 0 0 3499 5219; ppageno 0'>
   <div class='ocr_carea' id='block_1_1' title="bbox 1291 420 1855 483">
    <p class='ocr_par' dir='ltr' id='par_1_1' title="bbox 1291 420 1855 483">
     <span class='ocr_line' id='line_1_1' title="bbox 1291 420 1855 483; baseline 0 -1"><span class='ocrx_word' id='word_1_1' title='bbox 1291 455 1424 462; x_wconf 81' lang='lat'><strong>——-</strong></span> <span class='ocrx_word' id='word_1_2' title='bbox 1514 420 1632 483; x_wconf 85' lang='lat'><strong>189</strong></span> <span class='ocrx_word' id='word_1_3' title='bbox 1713 433 1855 457; x_wconf 69' lang='grc'><strong>’--</strong></span> 
     </span>
    </p>
   </div>
   <div class='ocr_carea' id='block_1_2' title="bbox 369 591 2842 4240">
    <p class='ocr_par' dir='ltr' id='par_1_2' title="bbox 380 591 2756 3730">
     <span class='ocr_line' id='line_1_2' title="bbox 396 591 2748 675; baseline -0 -17"><span class='ocrx_word' id='word_1_4' title='bbox 396 613 523 675; x_wconf 91' lang='lat' dir='ltr'><strong>quo</strong></span> <span class='ocrx_word' id='word_1_5' title='bbox 595 600 880 674; x_wconf 87' lang='lat' dir='ltr'><strong>tempore</strong></span> <span class='ocrx_word' id='word_1_6' title='bbox 953 592 1057 656; x_wconf 87' lang='lat' dir='ltr'><strong>vel</strong></span> <span class='ocrx_word' id='word_1_7' title='bbox 1126 592 1196 655; x_wconf 91' lang='lat' dir='ltr'><strong>in</strong></span> <span class='ocrx_word' id='word_1_8' title='bbox 1267 591 1443 655; x_wconf 88' lang='lat' dir='ltr'><strong>cuius</strong></span> <span class='ocrx_word' id='word_1_9' title='bbox 1513 592 1823 656; x_wconf 89' lang='lat' dir='ltr'><strong>honorem</strong></span> <span class='ocrx_word' id='word_1_10' title='bbox 1881 592 2356 675; x_wconf 89' lang='lat' dir='ltr'><strong>suscipiendum</strong></span> <span class='ocrx_word' id='word_1_11' title='bbox 2411 593 2748 659; x_wconf 87' lang='lat' dir='ltr'><strong>vaticinari</strong></span> 
     </span>
     <span class='ocr_line' id='line_1_3' title="bbox 393 692 2745 778; baseline 0.002 -20"><span class='ocrx_word' id='word_1_12' title='bbox 393 693 652 760; x_wconf 84' lang='lat' dir='ltr'><strong>videtur</strong></span> <span class='ocrx_word' id='word_1_13' title='bbox 683 694 894 776; x_wconf 82' lang='lat' dir='ltr'><strong>Ceres,</strong></span> <span class='ocrx_word' id='word_1_14' title='bbox 943 692 1024 759; x_wconf 88' lang='lat' dir='ltr'><strong>de</strong></span> <span class='ocrx_word' id='word_1_15' title='bbox 1068 714 1191 776; x_wconf 91' lang='lat' dir='ltr'><strong>quo</strong></span> <span class='ocrx_word' id='word_1_16' title='bbox 1234 693 1407 758; x_wconf 90' lang='lat' dir='ltr'><strong>bello</strong></span> <span class='ocrx_word' id='word_1_17' title='bbox 1451 693 1611 758; x_wconf 88' lang='lat' dir='ltr'>nihil</span> <span class='ocrx_word' id='word_1_18' title='bbox 1657 714 1815 759; x_wconf 90' lang='lat' dir='ltr'><strong>sane</strong></span> <span class='ocrx_word' id='word_1_19' title='bbox 1857 694 2043 759; x_wconf 90' lang='lat' dir='ltr'><strong>nobis</strong></span> <span class='ocrx_word' id='word_1_20' title='bbox 2085 694 2389 759; x_wconf 85' lang='lat' dir='ltr'><strong>traditum</strong></span> <span class='ocrx_word' id='word_1_21' title='bbox 2435 701 2550 778; x_wconf 84' lang='lat' dir='ltr'><strong>est,</strong></span> <span class='ocrx_word' id='word_1_22' title='bbox 2595 717 2745 762; x_wconf 84' lang='lat' dir='ltr'><strong>nam</strong></span> 
     </span>
     <span class='ocr_line' id='line_1_4' title="bbox 396 795 2748 879; baseline 0 -16"><span class='ocrx_word' id='word_1_23' title='bbox 396 798 576 863; x_wconf 87' lang='lat' dir='ltr'><strong>bella</strong></span> <span class='ocrx_word' id='word_1_24' title='bbox 649 817 759 878; x_wconf 85' lang='lat' dir='ltr'><strong>ea,</strong></span> <span class='ocrx_word' id='word_1_25' title='bbox 835 815 999 878; x_wconf 91' lang='lat' dir='ltr'><strong>quae</strong></span> <span class='ocrx_word' id='word_1_26' title='bbox 1070 796 1236 862; x_wconf 89' lang='lat' dir='ltr'><strong>inter</strong></span> <span class='ocrx_word' id='word_1_27' title='bbox 1297 795 1661 861; x_wconf 77' lang='lat' dir='ltr'>Eleusinios</span> <span class='ocrx_word' id='word_1_28' title='bbox 1731 802 1795 862; x_wconf 91' lang='lat' dir='ltr'><strong>et</strong></span> <span class='ocrx_word' id='word_1_29' title='bbox 1850 796 2278 863; x_wconf 77' lang='lat' dir='ltr'><strong>Athenienses</strong></span> <span class='ocrx_word' id='word_1_30' title='bbox 2348 803 2532 879; x_wconf 90' lang='lat' dir='ltr'><strong>gesta</strong></span> <span class='ocrx_word' id='word_1_31' title='bbox 2602 805 2748 863; x_wconf 90' lang='lat' dir='ltr'><strong>sunt</strong></span> 
     </span>
     <span class='ocr_line' id='line_1_5' title="bbox 401 896 2746 981; baseline 0 -18"><span class='ocrx_word' id='word_1_32' title='bbox 401 898 673 964; x_wconf 87' lang='lat' dir='ltr'><strong>diversis</strong></span> <span class='ocrx_word' id='word_1_33' title='bbox 717 896 1110 981; x_wconf 79' lang='lat' dir='ltr'><strong>temporibus</strong></span> <span class='ocrx_word' id='word_1_34' title='bbox 1146 902 1238 971; x_wconf 78' lang='lat' dir='ltr'><strong>(V.</strong></span> <span class='ocrx_word' id='word_1_35' title='bbox 1283 897 1567 962; x_wconf 89' lang='lat' dir='ltr'><strong>Lobeck.</strong></span> <span class='ocrx_word' id='word_1_36' title='bbox 1612 897 1932 981; x_wconf 90' lang='lat' dir='ltr'><strong>Aglaoph.</strong></span> <span class='ocrx_word' id='word_1_37' title='bbox 1978 920 2041 981; x_wconf 89' lang='lat' dir='ltr'><strong>p.</strong></span> <span class='ocrx_word' id='word_1_38' title='bbox 2081 902 2228 972; x_wconf 87' lang='lat'>207)</span> <span class='ocrx_word' id='word_1_39' title='bbox 2275 917 2486 980; x_wconf 91' lang='lat' dir='ltr'><strong>neque</strong></span> <span class='ocrx_word' id='word_1_40' title='bbox 2529 899 2746 965; x_wconf 87' lang='lat' dir='ltr'><strong>civilia</strong></span> 
     </span>
     <span class='ocr_line' id='line_1_6' title="bbox 400 998 2747 1085; baseline 0 -20"><span class='ocrx_word' id='word_1_41' title='bbox 400 1006 671 1084; x_wconf 89' lang='lat' dir='ltr'><strong>possunt</strong></span> <span class='ocrx_word' id='word_1_42' title='bbox 714 1000 840 1065; x_wconf 87' lang='lat' dir='ltr'><strong>dici</strong></span> <span class='ocrx_word' id='word_1_43' title='bbox 885 1019 1093 1081; x_wconf 90' lang='lat' dir='ltr'><strong>neque</strong></span> <span class='ocrx_word' id='word_1_44' title='bbox 1137 999 1541 1083; x_wconf 89' lang='lat' dir='ltr'><strong>sempiterna.</strong></span> <span class='ocrx_word' id='word_1_45' title='bbox 1630 999 1857 1081; x_wconf 88' lang='lat' dir='ltr'><strong>Neque</strong></span> <span class='ocrx_word' id='word_1_46' title='bbox 1899 999 2032 1064; x_wconf 92' lang='lat' dir='ltr'><strong>ullo</strong></span> <span class='ocrx_word' id='word_1_47' title='bbox 2076 998 2267 1065; x_wconf 93' lang='lat' dir='ltr'><strong>modo</strong></span> <span class='ocrx_word' id='word_1_48' title='bbox 2311 1001 2569 1083; x_wconf 88' lang='lat' dir='ltr'><strong>probari</strong></span> <span class='ocrx_word' id='word_1_49' title='bbox 2611 1008 2747 1085; x_wconf 89' lang='lat' dir='ltr'><strong>pot-</strong></span> 
     </span>
     <span class='ocr_line' id='line_1_7' title="bbox 402 1098 2748 1190; baseline 0 -22"><span class='ocrx_word' id='word_1_50' title='bbox 402 1109 500 1168; x_wconf 86' lang='lat' dir='ltr'><strong>est</strong></span> <span class='ocrx_word' id='word_1_51' title='bbox 543 1102 715 1185; x_wconf 87' lang='lat' dir='ltr'><strong>quod</strong></span> <span class='ocrx_word' id='word_1_52' title='bbox 756 1103 809 1167; x_wconf 95' lang='lat' dir='ltr'><strong>I.</strong></span> <span class='ocrx_word' id='word_1_53' title='bbox 854 1103 933 1167; x_wconf 90' lang='lat' dir='ltr'><strong>H.</strong></span> <span class='ocrx_word' id='word_1_54' title='bbox 979 1102 1245 1167; x_wconf 88' lang='lat' dir='ltr'><strong>Vossius</strong></span> <span class='ocrx_word' id='word_1_55' title='bbox 1300 1098 1630 1190; x_wconf 83' lang='lat' dir='ltr'><strong>contendit</strong></span> <span class='ocrx_word' id='word_1_56' title='bbox 1671 1101 1794 1165; x_wconf 88' lang='lat' dir='ltr'><strong>hoc</strong></span> <span class='ocrx_word' id='word_1_57' title='bbox 1839 1100 2264 1183; x_wconf 82' lang='lat' dir='ltr'><strong>antiquissimi</strong></span> <span class='ocrx_word' id='word_1_58' title='bbox 2306 1109 2536 1185; x_wconf 88' lang='lat' dir='ltr'><strong>poetae</strong></span> <span class='ocrx_word' id='word_1_59' title='bbox 2577 1104 2748 1168; x_wconf 87' lang='lat' dir='ltr'><strong>testi-</strong></span> 
     </span>
     <span class='ocr_line' id='line_1_8' title="bbox 401 1201 2743 1287; baseline 0 -18"><span class='ocrx_word' id='word_1_60' title='bbox 401 1205 686 1269; x_wconf 92' lang='lat' dir='ltr'><strong>monium</strong></span> <span class='ocrx_word' id='word_1_61' title='bbox 752 1204 956 1270; x_wconf 87' lang='lat' dir='ltr'><strong>instar</strong></span> <span class='ocrx_word' id='word_1_62' title='bbox 1011 1203 1293 1268; x_wconf 88' lang='lat' dir='ltr'><strong>omnium</strong></span> <span class='ocrx_word' id='word_1_63' title='bbox 1360 1202 1630 1266; x_wconf 89' lang='lat' dir='ltr'><strong>aliorum</strong></span> <span class='ocrx_word' id='word_1_64' title='bbox 1698 1201 2204 1268; x_wconf 87' lang='lat' dir='ltr'><strong>testimoniorum</strong></span> <span class='ocrx_word' id='word_1_65' title='bbox 2282 1223 2425 1270; x_wconf 86' lang='lat' dir='ltr'><strong>esse</strong></span> <span class='ocrx_word' id='word_1_66' title='bbox 2492 1204 2743 1287; x_wconf 85' lang='lat' dir='ltr'><strong>debere,</strong></span> 
     </span>
     <span class='ocr_line' id='line_1_9' title="bbox 405 1304 2744 1389; baseline -0 -17"><span class='ocrx_word' id='word_1_67' title='bbox 405 1307 588 1389; x_wconf 86' lang='lat' dir='ltr'><strong>quasi</strong></span> <span class='ocrx_word' id='word_1_68' title='bbox 634 1306 716 1371; x_wconf 91' lang='lat' dir='ltr'><strong>de</strong></span> <span class='ocrx_word' id='word_1_69' title='bbox 759 1325 915 1370; x_wconf 89' lang='lat' dir='ltr'><strong>vera</strong></span> <span class='ocrx_word' id='word_1_70' title='bbox 948 1323 1172 1369; x_wconf 86' lang='lat' dir='ltr'><strong>versus</strong></span> <span class='ocrx_word' id='word_1_71' title='bbox 1201 1308 1324 1369; x_wconf 80' lang='lat'><strong>267</strong></span> <span class='ocrx_word' id='word_1_72' title='bbox 1369 1304 1644 1369; x_wconf 87' lang='lat' dir='ltr'><strong>lectione</strong></span> <span class='ocrx_word' id='word_1_73' title='bbox 1687 1310 2025 1370; x_wconf 88' lang='lat' dir='ltr'><strong>constaret.</strong></span> <span class='ocrx_word' id='word_1_74' title='bbox 2100 1305 2241 1383; x_wconf 82' lang='lat' dir='ltr'><strong>Qua</strong></span> <span class='ocrx_word' id='word_1_75' title='bbox 2283 1325 2354 1371; x_wconf 91' lang='lat' dir='ltr'><strong>re</strong></span> <span class='ocrx_word' id='word_1_76' title='bbox 2396 1313 2744 1371; x_wconf 85' lang='lat' dir='ltr'><strong>commotus</strong></span> 
     </span>
     <span class='ocr_line' id='line_1_10' title="bbox 405 1405 2749 1490; baseline -0.001 -17"><span class='ocrx_word' id='word_1_77' title='bbox 405 1409 751 1474; x_wconf 81' lang='lat' dir='ltr'><strong>Creuzerus</strong></span> <span class='ocrx_word' id='word_1_78' title='bbox 810 1406 1055 1490; x_wconf 85' lang='lat' dir='ltr'><strong>(Symb.</strong></span> <span class='ocrx_word' id='word_1_79' title='bbox 1111 1406 1221 1470; x_wconf 94' lang='lat' dir='ltr'><strong>IV.</strong></span> <span class='ocrx_word' id='word_1_80' title='bbox 1282 1426 1344 1488; x_wconf 92' lang='lat' dir='ltr'><strong>p.</strong></span> <span class='ocrx_word' id='word_1_81' title='bbox 1391 1409 1535 1471; x_wconf 82' lang='lat'><strong>316.</strong></span> <span class='ocrx_word' id='word_1_82' title='bbox 1595 1405 1696 1471; x_wconf 91' lang='lat' dir='ltr'><strong>ed.</strong></span> <span class='ocrx_word' id='word_1_83' title='bbox 1747 1407 1892 1483; x_wconf 90' lang='lat' dir='ltr'>III.)</span> <span class='ocrx_word' id='word_1_84' title='bbox 1964 1407 2087 1472; x_wconf 91' lang='lat' dir='ltr'><strong>hoc</strong></span> <span class='ocrx_word' id='word_1_85' title='bbox 2159 1406 2333 1472; x_wconf 92' lang='lat' dir='ltr'><strong>bello</strong></span> <span class='ocrx_word' id='word_1_86' title='bbox 2405 1406 2749 1489; x_wconf 89' lang='lat' dir='ltr'><strong>significari</strong></span> 
     </span>
     <span class='ocr_line' id='line_1_11' title="bbox 402 1506 2750 1591; baseline -0.001 -16"><span class='ocrx_word' id='word_1_87' title='bbox 402 1516 651 1575; x_wconf 89' lang='lat' dir='ltr'><strong>tantum</strong></span> <span class='ocrx_word' id='word_1_88' title='bbox 726 1509 1075 1574; x_wconf 89' lang='lat' dir='ltr'><strong>certamina</strong></span> <span class='ocrx_word' id='word_1_89' title='bbox 1144 1506 1485 1589; x_wconf 86' lang='lat' dir='ltr'><strong>quotannis</strong></span> <span class='ocrx_word' id='word_1_90' title='bbox 1553 1507 1623 1571; x_wconf 91' lang='lat' dir='ltr'><strong>in</strong></span> <span class='ocrx_word' id='word_1_91' title='bbox 1686 1507 1994 1573; x_wconf 83' lang='lat' dir='ltr'><strong>honorem</strong></span> <span class='ocrx_word' id='word_1_92' title='bbox 2050 1508 2516 1591; x_wconf 88' lang='lat' dir='ltr'><strong>Demophontis</strong></span> <span class='ocrx_word' id='word_1_93' title='bbox 2573 1509 2750 1573; x_wconf 86' lang='lat' dir='ltr'><strong>insti-</strong></span> 
     </span>
     <span class='ocr_line' id='line_1_12' title="bbox 402 1607 2749 1695; baseline -0.001 -18"><span class='ocrx_word' id='word_1_94' title='bbox 402 1610 647 1677; x_wconf 80' lang='lat' dir='ltr'><strong>tuenda</strong></span> <span class='ocrx_word' id='word_1_95' title='bbox 700 1610 1000 1695; x_wconf 84' lang='lat' dir='ltr'><strong>putabat,</strong></span> <span class='ocrx_word' id='word_1_96' title='bbox 1076 1608 1248 1691; x_wconf 93' lang='lat' dir='ltr'><strong>quod</strong></span> <span class='ocrx_word' id='word_1_97' title='bbox 1317 1608 1692 1691; x_wconf 88' lang='lat' dir='ltr'><strong>reprobatur</strong></span> <span class='ocrx_word' id='word_1_98' title='bbox 1763 1616 1896 1674; x_wconf 90' lang='lat' dir='ltr'><strong>tum</strong></span> <span class='ocrx_word' id='word_1_99' title='bbox 1969 1607 2155 1693; x_wconf 83' lang='grc' dir='ltr'><em>αἷνήν</em></span> <span class='ocrx_word' id='word_1_100' title='bbox 2226 1609 2595 1693; x_wconf 88' lang='lat' dir='ltr'><strong>praedicato</strong></span> <span class='ocrx_word' id='word_1_101' title='bbox 2662 1607 2749 1674; x_wconf 92' lang='lat' dir='ltr'><strong>ad</strong></span> 
     </span>
     <span class='ocr_line' id='line_1_13' title="bbox 404 1710 2748 1799; baseline -0.001 -22"><span class='ocrx_word' id='word_1_102' title='bbox 404 1710 700 1799; x_wconf 82' lang='grc' dir='ltr'><em>φύλοπιν</em></span> <span class='ocrx_word' id='word_1_103' title='bbox 745 1712 1039 1796; x_wconf 90' lang='lat' dir='ltr'><strong>apposito</strong></span> <span class='ocrx_word' id='word_1_104' title='bbox 1102 1712 1193 1791; x_wconf 88' lang='lat' dir='ltr'><strong>(id</strong></span> <span class='ocrx_word' id='word_1_105' title='bbox 1242 1711 1412 1776; x_wconf 90' lang='lat' dir='ltr'><strong>enim</strong></span> <span class='ocrx_word' id='word_1_106' title='bbox 1470 1710 1552 1776; x_wconf 89' lang='lat' dir='ltr'><strong>de</strong></span> <span class='ocrx_word' id='word_1_107' title='bbox 1608 1712 1942 1774; x_wconf 76' lang='lat' dir='ltr'><strong>simulacro</strong></span> <span class='ocrx_word' id='word_1_108' title='bbox 2003 1711 2158 1777; x_wconf 93' lang='lat' dir='ltr'><strong>belli</strong></span> <span class='ocrx_word' id='word_1_109' title='bbox 2215 1731 2298 1775; x_wconf 92' lang='lat' dir='ltr'><strong>ne</strong></span> <span class='ocrx_word' id='word_1_110' title='bbox 2358 1731 2432 1776; x_wconf 95' lang='lat' dir='ltr'><strong>eo</strong></span> <span class='ocrx_word' id='word_1_111' title='bbox 2491 1711 2748 1792; x_wconf 91' lang='lat' dir='ltr'><strong>quidem</strong></span> 
     </span>
     <span class='ocr_line' id='line_1_14' title="bbox 400 1811 2747 1897; baseline -0.001 -17"><span class='ocrx_word' id='word_1_112' title='bbox 400 1815 595 1880; x_wconf 92' lang='lat' dir='ltr'><strong>modo</strong></span> <span class='ocrx_word' id='word_1_113' title='bbox 639 1814 914 1896; x_wconf 82' lang='lat' dir='ltr'><strong>intelligi</strong></span> <span class='ocrx_word' id='word_1_114' title='bbox 958 1819 1199 1897; x_wconf 85' lang='lat' dir='ltr'><strong>potest,</strong></span> <span class='ocrx_word' id='word_1_115' title='bbox 1254 1832 1441 1893; x_wconf 93' lang='lat' dir='ltr'><strong>quem</strong></span> <span class='ocrx_word' id='word_1_116' title='bbox 1482 1812 1558 1877; x_wconf 83' lang='lat' dir='ltr'><strong>G.</strong></span> <span class='ocrx_word' id='word_1_117' title='bbox 1604 1812 2011 1878; x_wconf 90' lang='lat' dir='ltr'><strong>Hermannus</strong></span> <span class='ocrx_word' id='word_1_118' title='bbox 2059 1814 2127 1877; x_wconf 91' lang='lat' dir='ltr'><strong>in</strong></span> <span class='ocrx_word' id='word_1_119' title='bbox 2172 1813 2337 1896; x_wconf 89' lang='lat' dir='ltr'><strong>epist</strong></span> <span class='ocrx_word' id='word_1_120' title='bbox 2379 1812 2484 1876; x_wconf 91' lang='lat' dir='ltr'><strong>ad.</strong></span> <span class='ocrx_word' id='word_1_121' title='bbox 2532 1811 2747 1878; x_wconf 82' lang='lat' dir='ltr'><strong>Creuz.</strong></span> 
     </span>
     <span class='ocr_line' id='line_1_15' title="bbox 401 1914 2747 2014; baseline -0 -33"><span class='ocrx_word' id='word_1_122' title='bbox 401 1939 467 2001; x_wconf 89' lang='lat' dir='ltr'><strong>p.</strong></span> <span class='ocrx_word' id='word_1_123' title='bbox 497 1922 657 1982; x_wconf 86' lang='lat'>1--3</span> <span class='ocrx_word' id='word_1_124' title='bbox 691 1917 1008 1999; x_wconf 83' lang='lat' dir='ltr'><strong>exposuit)</strong></span> <span class='ocrx_word' id='word_1_125' title='bbox 1051 1924 1185 1980; x_wconf 93' lang='lat' dir='ltr'><strong>tum</strong></span> <span class='ocrx_word' id='word_1_126' title='bbox 1229 1934 1305 1980; x_wconf 91' lang='lat' dir='ltr'><strong>eo</strong></span> <span class='ocrx_word' id='word_1_127' title='bbox 1349 1915 1626 1979; x_wconf 85' lang='lat' dir='ltr'><strong>maxime</strong></span> <span class='ocrx_word' id='word_1_128' title='bbox 1671 1914 1843 1997; x_wconf 90' lang='lat' dir='ltr'><strong>quod</strong></span> <span class='ocrx_word' id='word_1_129' title='bbox 1888 1915 1971 1981; x_wconf 89' lang='lat' dir='ltr'><strong>de</strong></span> <span class='ocrx_word' id='word_1_130' title='bbox 2011 1914 2248 1980; x_wconf 91' lang='lat' dir='ltr'><strong>talibus</strong></span> <span class='ocrx_word' id='word_1_131' title='bbox 2277 1914 2747 2014; x_wconf 60' lang='lat' dir='ltr'><strong>certaminibus,</strong></span> 
     </span>
     <span class='ocr_line' id='line_1_16' title="bbox 403 2016 2748 2103; baseline -0.002 -19"><span class='ocrx_word' id='word_1_132' title='bbox 403 2039 662 2103; x_wconf 81' lang='lat' dir='ltr'><strong>pugnae</strong></span> <span class='ocrx_word' id='word_1_133' title='bbox 704 2018 1182 2099; x_wconf 84' lang='lat' dir='ltr'><strong>imitaminibus‚</strong></span> <span class='ocrx_word' id='word_1_134' title='bbox 1228 2016 1532 2081; x_wconf 88' lang='lat' dir='ltr'><strong>Eleusine</strong></span> <span class='ocrx_word' id='word_1_135' title='bbox 1576 2022 1687 2080; x_wconf 89' lang='lat' dir='ltr'><strong>aut</strong></span> <span class='ocrx_word' id='word_1_136' title='bbox 1728 2016 2139 2082; x_wconf 83' lang='lat' dir='ltr'><strong>instituendis</strong></span> <span class='ocrx_word' id='word_1_137' title='bbox 2182 2036 2370 2082; x_wconf 90' lang='lat' dir='ltr'><strong>nemo</strong></span> <span class='ocrx_word' id='word_1_138' title='bbox 2404 2016 2748 2099; x_wconf 86' lang='lat' dir='ltr'><strong>quidquam</strong></span> 
     </span>
     <span class='ocr_line' id='line_1_17' title="bbox 402 2111 2750 2205; baseline -0.002 -20"><span class='ocrx_word' id='word_1_139' title='bbox 402 2119 690 2205; x_wconf 86' lang='lat' dir='ltr'><strong>prodidit</strong></span> <span class='ocrx_word' id='word_1_140' title='bbox 744 2119 1109 2185; x_wconf 87' lang='lat' dir='ltr'><strong>memoriae.</strong></span> <span class='ocrx_word' id='word_1_141' title='bbox 1198 2119 1366 2184; x_wconf 89' lang='lat' dir='ltr'><strong>Nam</strong></span> <span class='ocrx_word' id='word_1_142' title='bbox 1407 2114 1713 2199; x_wconf 80' lang='grc' dir='ltr'><em>γυμνικὸς</em></span> <span class='ocrx_word' id='word_1_143' title='bbox 1757 2118 1870 2183; x_wconf 89' lang='grc'><strong>1116</strong></span> <span class='ocrx_word' id='word_1_144' title='bbox 1913 2111 2116 2201; x_wconf 76' lang='grc' dir='ltr'><em>ἀγών,</em></span> <span class='ocrx_word' id='word_1_145' title='bbox 2179 2120 2286 2201; x_wconf 92' lang='lat' dir='ltr'><strong>qui</strong></span> <span class='ocrx_word' id='word_1_146' title='bbox 2341 2119 2424 2183; x_wconf 91' lang='lat' dir='ltr'><strong>ab</strong></span> <span class='ocrx_word' id='word_1_147' title='bbox 2468 2117 2750 2182; x_wconf 87' lang='lat' dir='ltr'><strong>Aristide</strong></span> 
     </span>
     <span class='ocr_line' id='line_1_18' title="bbox 403 2217 2746 2303; baseline -0.003 -15"><span class='ocrx_word' id='word_1_148' title='bbox 403 2230 931 2288; x_wconf 77' lang='lat' dir='ltr'><strong>commemoratur</strong></span> <span class='ocrx_word' id='word_1_149' title='bbox 962 2220 1270 2297; x_wconf 88' lang='lat' dir='ltr'><strong>(Eleusin.</strong></span> <span class='ocrx_word' id='word_1_150' title='bbox 1315 2241 1378 2303; x_wconf 94' lang='lat' dir='ltr'><strong>p.</strong></span> <span class='ocrx_word' id='word_1_151' title='bbox 1410 2224 1532 2283; x_wconf 88' lang='lat'><strong>417</strong></span> <span class='ocrx_word' id='word_1_152' title='bbox 1561 2217 1784 2296; x_wconf 90' lang='lat' dir='ltr'><strong>Dind.)</strong></span> <span class='ocrx_word' id='word_1_153' title='bbox 1813 2220 1883 2284; x_wconf 88' lang='lat' dir='ltr'><strong>in</strong></span> <span class='ocrx_word' id='word_1_154' title='bbox 1913 2240 2098 2285; x_wconf 89' lang='lat' dir='ltr'><strong>cursu</strong></span> <span class='ocrx_word' id='word_1_155' title='bbox 2127 2221 2407 2285; x_wconf 85' lang='lat' dir='ltr'><strong>constitit</strong></span> <span class='ocrx_word' id='word_1_156' title='bbox 2449 2224 2532 2298; x_wconf 84' lang='lat' dir='ltr'><strong>(V.</strong></span> <span class='ocrx_word' id='word_1_157' title='bbox 2563 2219 2746 2284; x_wconf 90' lang='lat' dir='ltr'><strong>Pind.</strong></span> 
     </span>
     <span class='ocr_line' id='line_1_19' title="bbox 403 2310 2746 2406; baseline -0.002 -17"><span class='ocrx_word' id='word_1_158' title='bbox 403 2325 628 2389; x_wconf 86' lang='lat' dir='ltr'><strong>Isthm.</strong></span> <span class='ocrx_word' id='word_1_159' title='bbox 674 2324 736 2406; x_wconf 83' lang='grc' dir='ltr'><strong>Ι,</strong></span> <span class='ocrx_word' id='word_1_160' title='bbox 799 2326 900 2388; x_wconf 87' lang='grc'><strong>81.</strong></span> <span class='ocrx_word' id='word_1_161' title='bbox 945 2321 1263 2404; x_wconf 85' lang='lat' dir='ltr'><strong>Boeckh.‚</strong></span> <span class='ocrx_word' id='word_1_162' title='bbox 1322 2321 1534 2387; x_wconf 85' lang='lat' dir='ltr'><strong>Schol.</strong></span> <span class='ocrx_word' id='word_1_163' title='bbox 1581 2320 1668 2385; x_wconf 94' lang='lat' dir='ltr'><strong>ad</strong></span> <span class='ocrx_word' id='word_1_164' title='bbox 1711 2318 1971 2406; x_wconf 87' lang='lat' dir='ltr'><strong>Olymp.</strong></span> <span class='ocrx_word' id='word_1_165' title='bbox 2016 2322 2144 2404; x_wconf 86' lang='lat' dir='ltr'><strong>IX,</strong></span> <span class='ocrx_word' id='word_1_166' title='bbox 2210 2327 2347 2387; x_wconf 80' lang='lat'><strong>150.</strong></span> <span class='ocrx_word' id='word_1_167' title='bbox 2405 2310 2576 2402; x_wconf 80' lang='grc' dir='ltr'><em>μετὰ</em></span> <span class='ocrx_word' id='word_1_168' title='bbox 2625 2318 2746 2404; x_wconf 81' lang='grc' dir='ltr'><strong>γὰρ</strong></span> 
     </span>
     <span class='ocr_line' id='line_1_20' title="bbox 401 2416 2748 2511; baseline -0.003 -20"><span class='ocrx_word' id='word_1_169' title='bbox 401 2424 483 2491; x_wconf 89' lang='grc' dir='ltr'><em>τὸ</em></span> <span class='ocrx_word' id='word_1_170' title='bbox 545 2418 897 2511; x_wconf 75' lang='grc' dir='ltr'><em>εὑρεθῆναι</em></span> <span class='ocrx_word' id='word_1_171' title='bbox 941 2420 1054 2488; x_wconf 86' lang='grc' dir='ltr'><strong>τὸν</strong></span> <span class='ocrx_word' id='word_1_172' title='bbox 1088 2420 1478 2508; x_wconf 79' lang='grc' dir='ltr'><em>,Δημήτριον</em></span> <span class='ocrx_word' id='word_1_173' title='bbox 1532 2419 1789 2506; x_wconf 80' lang='grc' dir='ltr'><em>καρπὸν</em></span> <span class='ocrx_word' id='word_1_174' title='bbox 1849 2416 2209 2506; x_wconf 82' lang='grc' dir='ltr'><em>εὖρωστίας</em></span> <span class='ocrx_word' id='word_1_175' title='bbox 2265 2422 2330 2487; x_wconf 79' lang='grc' dir='ltr'><strong>οἱ</strong></span> <span class='ocrx_word' id='word_1_176' title='bbox 2389 2419 2748 2505; x_wconf 75' lang='grc' dir='ltr'><em>ἅνθρωποι</em></span> 
     </span>
     <span class='ocr_line' id='line_1_21' title="bbox 405 2517 2750 2609; baseline -0.002 -17"><span class='ocrx_word' id='word_1_177' title='bbox 405 2526 729 2603; x_wconf 76' lang='grc' dir='ltr'><em>ἐπίδειξιν</em></span> <span class='ocrx_word' id='word_1_178' title='bbox 778 2523 1263 2607; x_wconf 76' lang='grc' dir='ltr'><strong><em>ἐπιδειξάμενοι</em></strong></span> <span class='ocrx_word' id='word_1_179' title='bbox 1305 2517 1696 2609; x_wconf 79' lang='grc' dir='ltr'><em>ἠγωνίζοντο</em></span> <span class='ocrx_word' id='word_1_180' title='bbox 1741 2526 1849 2590; x_wconf 84' lang='grc' dir='ltr'><strong>καὶ</strong></span> <span class='ocrx_word' id='word_1_181' title='bbox 1895 2525 2363 2609; x_wconf 78' lang='grc' dir='ltr'><strong>τετραποδιστὶ</strong></span> <span class='ocrx_word' id='word_1_182' title='bbox 2416 2522 2493 2588; x_wconf 87' lang='grc' dir='ltr'><em>τὸ</em></span> <span class='ocrx_word' id='word_1_183' title='bbox 2537 2522 2750 2588; x_wconf 84' lang='grc' dir='ltr'><em>πάλαι</em></span> 
     </span>
     <span class='ocr_line' id='line_1_22' title="bbox 404 2620 2751 2714; baseline -0.002 -19"><span class='ocrx_word' id='word_1_184' title='bbox 404 2630 934 2714; x_wconf 81' lang='grc' dir='ltr'><em>περιπατοῦντες</em></span> <span class='ocrx_word' id='word_1_185' title='bbox 979 2620 1339 2712; x_wconf 70' lang='grc' dir='ltr'><em>ἀνέστησαν</em></span> <span class='ocrx_word' id='word_1_186' title='bbox 1395 2628 1503 2692; x_wconf 85' lang='grc' dir='ltr'><strong>καὶ</strong></span> <span class='ocrx_word' id='word_1_187' title='bbox 1561 2624 1870 2711; x_wconf 79' lang='grc' dir='ltr'><em>δρόμον</em></span> <span class='ocrx_word' id='word_1_188' title='bbox 1925 2622 2335 2713; x_wconf 79' lang='grc' dir='ltr'><em>ἠγωνίζοντο.</em></span> <span class='ocrx_word' id='word_1_189' title='bbox 2413 2627 2589 2694; x_wconf 75' lang='grc' dir='ltr'><em>ἕνδεν</em></span> <span class='ocrx_word' id='word_1_190' title='bbox 2640 2623 2751 2691; x_wconf 84' lang='grc' dir='ltr'><strong>καὶ</strong></span> 
     </span>
     <span class='ocr_line' id='line_1_23' title="bbox 380 2713 2751 2815; baseline -0.001 -18"><span class='ocrx_word' id='word_1_191' title='bbox 380 2713 681 2797; x_wconf 40' lang='grc' dir='ltr'><strong>κστάδιον</strong></span> <span class='ocrx_word' id='word_1_192' title='bbox 727 2729 1003 2795; x_wconf 81' lang='grc' dir='ltr'><em>καλοῦσι</em></span> <span class='ocrx_word' id='word_1_193' title='bbox 1049 2728 1290 2811; x_wconf 79' lang='grc' dir='ltr'><em>δρόμον</em></span> <span class='ocrx_word' id='word_1_194' title='bbox 1338 2727 1450 2794; x_wconf 83' lang='grc' dir='ltr'><strong>διὰ</strong></span> <span class='ocrx_word' id='word_1_195' title='bbox 1493 2725 1607 2815; x_wconf 88' lang='grc' dir='ltr'><strong>τὴν</strong></span> <span class='ocrx_word' id='word_1_196' title='bbox 1655 2727 1889 2794; x_wconf 85' lang='grc' dir='ltr'><em>στάσιν</em></span> <span class='ocrx_word' id='word_1_197' title='bbox 1936 2766 2016 2777; x_wconf 88' lang='lat'><strong>-—</strong></span> <span class='ocrx_word' id='word_1_198' title='bbox 2063 2731 2366 2796; x_wconf 69' lang='grc' dir='ltr'><em>ἔπαθλον</em></span> <span class='ocrx_word' id='word_1_199' title='bbox 2426 2730 2497 2794; x_wconf 82' lang='grc' dir='ltr'><strong>δὲ</strong></span> <span class='ocrx_word' id='word_1_200' title='bbox 2539 2733 2751 2794; x_wconf 85' lang='grc' dir='ltr'><em>κεῖται</em></span> 
     </span>
     <span class='ocr_line' id='line_1_24' title="bbox 405 2830 2750 2917; baseline -0 -18"><span class='ocrx_word' id='word_1_201' title='bbox 405 2830 700 2917; x_wconf 72' lang='grc' dir='ltr'><em>κριθαί),</em></span> <span class='ocrx_word' id='word_1_202' title='bbox 763 2855 893 2898; x_wconf 93' lang='lat' dir='ltr'><strong>non</strong></span> <span class='ocrx_word' id='word_1_203' title='bbox 946 2834 1015 2897; x_wconf 92' lang='lat' dir='ltr'><strong>in</strong></span> <span class='ocrx_word' id='word_1_204' title='bbox 1071 2833 1271 2913; x_wconf 82' lang='lat' dir='ltr'><strong>lucta,</strong></span> <span class='ocrx_word' id='word_1_205' title='bbox 1334 2852 1525 2914; x_wconf 89' lang='lat' dir='ltr'><strong>quam</strong></span> <span class='ocrx_word' id='word_1_206' title='bbox 1570 2830 1669 2897; x_wconf 91' lang='lat' dir='ltr'><strong>Ol.</strong></span> <span class='ocrx_word' id='word_1_207' title='bbox 1718 2834 1848 2915; x_wconf 83' lang='lat' dir='ltr'><strong>IX,</strong></span> <span class='ocrx_word' id='word_1_208' title='bbox 1901 2838 2020 2899; x_wconf 82' lang='lat'><strong>106</strong></span> <span class='ocrx_word' id='word_1_209' title='bbox 2076 2855 2117 2898; x_wconf 93' lang='lat' dir='ltr'><strong>a</strong></span> <span class='ocrx_word' id='word_1_210' title='bbox 2158 2833 2438 2899; x_wconf 90' lang='lat' dir='ltr'><strong>Pindaro</strong></span> <span class='ocrx_word' id='word_1_211' title='bbox 2483 2852 2750 2898; x_wconf 89' lang='lat' dir='ltr'><strong>comme-</strong></span> 
     </span>
     <span class='ocr_line' id='line_1_25' title="bbox 404 2932 2754 3018; baseline 0 -18"><span class='ocrx_word' id='word_1_212' title='bbox 404 2936 642 3000; x_wconf 91' lang='lat' dir='ltr'><strong>morari</strong></span> <span class='ocrx_word' id='word_1_213' title='bbox 686 2956 817 2999; x_wconf 91' lang='lat' dir='ltr'><strong>non</strong></span> <span class='ocrx_word' id='word_1_214' title='bbox 860 2935 1079 3015; x_wconf 82' lang='lat' dir='ltr'><strong>video,</strong></span> <span class='ocrx_word' id='word_1_215' title='bbox 1141 2953 1350 3016; x_wconf 93' lang='lat' dir='ltr'><strong>neque</strong></span> <span class='ocrx_word' id='word_1_216' title='bbox 1392 2932 1715 3018; x_wconf 80' lang='grc' dir='ltr'><em>βαλλητύς</em></span> <span class='ocrx_word' id='word_1_217' title='bbox 1756 2935 1903 3016; x_wconf 84' lang='grc'><strong>1113,</strong></span> <span class='ocrx_word' id='word_1_218' title='bbox 1961 2934 2137 2999; x_wconf 90' lang='lat' dir='ltr'><strong>cuius</strong></span> <span class='ocrx_word' id='word_1_219' title='bbox 2181 2941 2244 3000; x_wconf 90' lang='lat' dir='ltr'><strong>et</strong></span> <span class='ocrx_word' id='word_1_220' title='bbox 2286 2934 2646 3017; x_wconf 71' lang='lat' dir='ltr'><strong>Hesychius</strong></span> <span class='ocrx_word' id='word_1_221' title='bbox 2690 2941 2754 3000; x_wconf 89' lang='lat' dir='ltr'><strong>et</strong></span> 
     </span>
     <span class='ocr_line' id='line_1_26' title="bbox 406 3033 2756 3117; baseline -0.002 -15"><span class='ocrx_word' id='word_1_222' title='bbox 406 3039 782 3103; x_wconf 91' lang='lat' dir='ltr'><strong>Athenaeus</strong></span> <span class='ocrx_word' id='word_1_223' title='bbox 797 3038 838 3112; x_wconf 87' lang='lat'><strong>¹)</strong></span> <span class='ocrx_word' id='word_1_224' title='bbox 894 3036 1347 3117; x_wconf 85' lang='lat' dir='ltr'><strong>meminerunt,</strong></span> <span class='ocrx_word' id='word_1_225' title='bbox 1420 3033 1726 3100; x_wconf 83' lang='lat' dir='ltr'><strong>habenda</strong></span> <span class='ocrx_word' id='word_1_226' title='bbox 1797 3043 1894 3101; x_wconf 90' lang='lat' dir='ltr'><strong>est</strong></span> <span class='ocrx_word' id='word_1_227' title='bbox 1961 3037 2029 3100; x_wconf 93' lang='lat' dir='ltr'><strong>in</strong></span> <span class='ocrx_word' id='word_1_228' title='bbox 2100 3036 2550 3102; x_wconf 72' lang='lat' dir='ltr'><strong>certaminibus</strong></span> <span class='ocrx_word' id='word_1_229' title='bbox 2608 3036 2756 3098; x_wconf 79' lang='lat' dir='ltr'><strong>belli</strong></span> 
     </span>
     <span class='ocr_line' id='line_1_27' title="bbox 407 3137 2751 3222; baseline -0.002 -18"><span class='ocrx_word' id='word_1_230' title='bbox 407 3140 827 3222; x_wconf 79' lang='lat' dir='ltr'><strong>imaginibus,</strong></span> <span class='ocrx_word' id='word_1_231' title='bbox 890 3157 1055 3219; x_wconf 89' lang='lat' dir='ltr'><strong>quae</strong></span> <span class='ocrx_word' id='word_1_232' title='bbox 1099 3137 1356 3215; x_wconf 82' lang='lat' dir='ltr'><strong>omnino</strong></span> <span class='ocrx_word' id='word_1_233' title='bbox 1402 3137 1618 3200; x_wconf 91' lang='lat' dir='ltr'><strong>aliena</strong></span> <span class='ocrx_word' id='word_1_234' title='bbox 1660 3143 1807 3202; x_wconf 89' lang='lat' dir='ltr'><strong>sunt</strong></span> <span class='ocrx_word' id='word_1_235' title='bbox 1849 3138 1931 3203; x_wconf 92' lang='lat' dir='ltr'><strong>ab</strong></span> <span class='ocrx_word' id='word_1_236' title='bbox 1975 3138 2054 3203; x_wconf 89' lang='lat' dir='ltr'><strong>iis</strong></span> <span class='ocrx_word' id='word_1_237' title='bbox 2097 3138 2305 3219; x_wconf 77' lang='lat' dir='ltr'><strong>festiS,</strong></span> <span class='ocrx_word' id='word_1_238' title='bbox 2367 3157 2531 3219; x_wconf 90' lang='lat' dir='ltr'><strong>quae</strong></span> <span class='ocrx_word' id='word_1_239' title='bbox 2574 3137 2751 3202; x_wconf 90' lang='lat' dir='ltr'><strong>insti-</strong></span> 
     </span>
     <span class='ocr_line' id='line_1_28' title="bbox 407 3238 2752 3322; baseline -0.001 -15"><span class='ocrx_word' id='word_1_240' title='bbox 407 3243 533 3307; x_wconf 88' lang='lat' dir='ltr'><strong>tuit</strong></span> <span class='ocrx_word' id='word_1_241' title='bbox 592 3241 782 3306; x_wconf 81' lang='lat' dir='ltr'><strong>Ceres</strong></span> <span class='ocrx_word' id='word_1_242' title='bbox 840 3239 927 3304; x_wconf 90' lang='lat' dir='ltr'><strong>ad</strong></span> <span class='ocrx_word' id='word_1_243' title='bbox 978 3260 1196 3322; x_wconf 79' lang='lat' dir='ltr'><strong>pacem</strong></span> <span class='ocrx_word' id='word_1_244' title='bbox 1254 3245 1316 3304; x_wconf 88' lang='lat' dir='ltr'><strong>et</strong></span> <span class='ocrx_word' id='word_1_245' title='bbox 1373 3238 1824 3321; x_wconf 83' lang='lat' dir='ltr'><strong>agriculturam</strong></span> <span class='ocrx_word' id='word_1_246' title='bbox 1882 3239 2173 3304; x_wconf 90' lang='lat' dir='ltr'><strong>homines</strong></span> <span class='ocrx_word' id='word_1_247' title='bbox 2232 3239 2618 3321; x_wconf 84' lang='lat' dir='ltr'><strong>erudientia‚</strong></span> <span class='ocrx_word' id='word_1_248' title='bbox 2682 3239 2752 3305; x_wconf 88' lang='lat' dir='ltr'><strong>id</strong></span> 
     </span>
     <span class='ocr_line' id='line_1_29' title="bbox 408 3331 2753 3426; baseline 0 -18"><span class='ocrx_word' id='word_1_249' title='bbox 408 3331 584 3426; x_wconf 87' lang='lat' dir='ltr'><strong>quod</strong></span> <span class='ocrx_word' id='word_1_250' title='bbox 639 3362 720 3408; x_wconf 91' lang='lat' dir='ltr'><strong>ex</strong></span> <span class='ocrx_word' id='word_1_251' title='bbox 776 3342 1060 3426; x_wconf 91' lang='lat' dir='ltr'><strong>praemio</strong></span> <span class='ocrx_word' id='word_1_252' title='bbox 1113 3342 1421 3406; x_wconf 86' lang='lat' dir='ltr'><strong>victorum</strong></span> <span class='ocrx_word' id='word_1_253' title='bbox 1478 3345 1796 3420; x_wconf 73' lang='grc' dir='ltr'><em>(κριθαῖς)</em></span> <span class='ocrx_word' id='word_1_254' title='bbox 1849 3342 2004 3406; x_wconf 91' lang='lat' dir='ltr'><strong>satis</strong></span> <span class='ocrx_word' id='word_1_255' title='bbox 2061 3342 2286 3406; x_wconf 87' lang='lat' dir='ltr'><strong>elucet.</strong></span> <span class='ocrx_word' id='word_1_256' title='bbox 2375 3341 2542 3408; x_wconf 89' lang='lat' dir='ltr'><strong>Nam</strong></span> <span class='ocrx_word' id='word_1_257' title='bbox 2587 3362 2753 3424; x_wconf 89' lang='lat' dir='ltr'><strong>quae</strong></span> 
     </span>
     <span class='ocr_line' id='line_1_30' title="bbox 409 3440 2754 3526; baseline -0.001 -15"><span class='ocrx_word' id='word_1_258' title='bbox 409 3447 495 3511; x_wconf 89' lang='lat' dir='ltr'><strong>ab</strong></span> <span class='ocrx_word' id='word_1_259' title='bbox 555 3443 899 3511; x_wconf 84' lang='lat' dir='ltr'><strong>Eleusiniis</strong></span> <span class='ocrx_word' id='word_1_260' title='bbox 961 3442 1290 3507; x_wconf 87' lang='lat' dir='ltr'><strong>dicebatur</strong></span> <span class='ocrx_word' id='word_1_261' title='bbox 1343 3440 1666 3526; x_wconf 70' lang='grc' dir='ltr'><em>βαλλητύς</em></span> <span class='ocrx_word' id='word_1_262' title='bbox 1726 3440 1950 3526; x_wconf 70' lang='grc' dir='ltr'><em>λιθίνη</em></span> <span class='ocrx_word' id='word_1_263' title='bbox 2018 3464 2148 3508; x_wconf 92' lang='lat' dir='ltr'><strong>non</strong></span> <span class='ocrx_word' id='word_1_264' title='bbox 2207 3442 2462 3508; x_wconf 86' lang='lat' dir='ltr'><strong>diversa</strong></span> <span class='ocrx_word' id='word_1_265' title='bbox 2520 3451 2657 3509; x_wconf 91' lang='lat' dir='ltr'><strong>erat</strong></span> <span class='ocrx_word' id='word_1_266' title='bbox 2711 3465 2754 3509; x_wconf 91' lang='lat' dir='ltr'><strong>a</strong></span> 
     </span>
     <span class='ocr_line' id='line_1_31' title="bbox 407 3542 2749 3628; baseline -0 -16"><span class='ocrx_word' id='word_1_267' title='bbox 407 3548 582 3612; x_wconf 91' lang='lat' dir='ltr'><strong>iactu</strong></span> <span class='ocrx_word' id='word_1_268' title='bbox 626 3567 941 3627; x_wconf 78' lang='lat' dir='ltr'><strong>saxorum,</strong></span> <span class='ocrx_word' id='word_1_269' title='bbox 991 3545 1072 3610; x_wconf 90' lang='lat' dir='ltr'><strong>de</strong></span> <span class='ocrx_word' id='word_1_270' title='bbox 1116 3564 1238 3627; x_wconf 92' lang='lat' dir='ltr'><strong>quo</strong></span> <span class='ocrx_word' id='word_1_271' title='bbox 1282 3565 1343 3607; x_wconf 88' lang='lat' dir='ltr'><strong>v.</strong></span> <span class='ocrx_word' id='word_1_272' title='bbox 1389 3543 1645 3608; x_wconf 91' lang='lat' dir='ltr'><strong>Homer.</strong></span> <span class='ocrx_word' id='word_1_273' title='bbox 1679 3542 1909 3628; x_wconf 83' lang='lat' dir='ltr'><strong>Odyss.</strong></span> <span class='ocrx_word' id='word_1_274' title='bbox 1946 3545 2122 3625; x_wconf 91' lang='lat' dir='ltr'>VIII,</span> <span class='ocrx_word' id='word_1_275' title='bbox 2175 3548 2313 3609; x_wconf 85' lang='lat'><strong>190.</strong></span> <span class='ocrx_word' id='word_1_276' title='bbox 2366 3547 2503 3609; x_wconf 81' lang='lat'><strong>192.</strong></span> <span class='ocrx_word' id='word_1_277' title='bbox 2563 3542 2749 3611; x_wconf 83' lang='lat' dir='ltr'><strong>Ovid.</strong></span> 
     </span>
     <span class='ocr_line' id='line_1_32' title="bbox 405 3648 905 3730; baseline 0 -18"><span class='ocrx_word' id='word_1_278' title='bbox 405 3648 584 3713; x_wconf 86' lang='lat' dir='ltr'><strong>Fast.</strong></span> <span class='ocrx_word' id='word_1_279' title='bbox 628 3648 713 3730; x_wconf 89' lang='grc' dir='ltr'><strong>ΙΙ,</strong></span> <span class='ocrx_word' id='word_1_280' title='bbox 761 3650 905 3712; x_wconf 85' lang='grc'><strong>367.</strong></span> 
     </span>
    </p>

    <p class='ocr_par' dir='ltr' id='par_1_3' title="bbox 369 3746 2842 4240">
     <span class='ocr_line' id='line_1_33' title="bbox 585 3746 2752 3831; baseline 0 -18"><span class='ocrx_word' id='word_1_281' title='bbox 585 3748 799 3813; x_wconf 90' lang='lat' dir='ltr'><strong>Aliam</strong></span> <span class='ocrx_word' id='word_1_282' title='bbox 843 3749 1015 3813; x_wconf 86' lang='lat' dir='ltr'><strong>viam</strong></span> <span class='ocrx_word' id='word_1_283' title='bbox 1060 3765 1328 3829; x_wconf 91' lang='lat' dir='ltr'><strong>eamque</strong></span> <span class='ocrx_word' id='word_1_284' title='bbox 1369 3753 1439 3811; x_wconf 79' lang='lat' dir='ltr'><strong>u‘t</strong></span> <span class='ocrx_word' id='word_1_285' title='bbox 1482 3766 1599 3829; x_wconf 90' lang='lat' dir='ltr'><strong>ego</strong></span> <span class='ocrx_word' id='word_1_286' title='bbox 1644 3746 1916 3813; x_wconf 91' lang='lat' dir='ltr'><strong>arbitror</strong></span> <span class='ocrx_word' id='word_1_287' title='bbox 1954 3748 2130 3815; x_wconf 88' lang='lat' dir='ltr'><strong>haud</strong></span> <span class='ocrx_word' id='word_1_288' title='bbox 2156 3748 2376 3831; x_wconf 89' lang='lat' dir='ltr'><strong>paullo</strong></span> <span class='ocrx_word' id='word_1_289' title='bbox 2406 3747 2752 3817; x_wconf 84' lang='lat' dir='ltr'><strong>feliciorem</strong></span> 
     </span>
     <span class='ocr_line' id='line_1_34' title="bbox 369 3848 2753 3934; baseline 0 -18"><span class='ocrx_word' id='word_1_290' title='bbox 369 3851 557 3917; x_wconf 70' lang='lat' dir='ltr'><strong>,iniit</strong></span> <span class='ocrx_word' id='word_1_291' title='bbox 601 3853 649 3914; x_wconf 95' lang='lat' dir='ltr'><strong>I.</strong></span> <span class='ocrx_word' id='word_1_292' title='bbox 697 3850 773 3915; x_wconf 75' lang='lat' dir='ltr'><strong>Gr.</strong></span> <span class='ocrx_word' id='word_1_293' title='bbox 819 3850 1131 3932; x_wconf 88' lang='lat' dir='ltr'><strong>Iosephus</strong></span> <span class='ocrx_word' id='word_1_294' title='bbox 1173 3848 1633 3931; x_wconf 83' lang='lat' dir='ltr'><strong>Schellingius‚</strong></span> <span class='ocrx_word' id='word_1_295' title='bbox 1693 3849 2112 3934; x_wconf 90' lang='lat' dir='ltr'><strong>philosophus</strong></span> <span class='ocrx_word' id='word_1_296' title='bbox 2170 3849 2468 3934; x_wconf 84' lang='lat' dir='ltr'><strong>eximius,</strong></span> <span class='ocrx_word' id='word_1_297' title='bbox 2525 3853 2631 3933; x_wconf 91' lang='lat' dir='ltr'><strong>qui</strong></span> <span class='ocrx_word' id='word_1_298' title='bbox 2685 3852 2753 3917; x_wconf 94' lang='lat' dir='ltr'><strong>in</strong></span> 
     </span>
     <span class='ocr_line' id='line_1_35' title="bbox 413 3951 2750 4036; baseline -0.001 -18"><span class='ocrx_word' id='word_1_299' title='bbox 413 3952 788 4018; x_wconf 62' lang='lat' dir='ltr'><strong>Annalibus</strong></span> <span class='ocrx_word' id='word_1_300' title='bbox 846 3951 1235 4017; x_wconf 83' lang='lat' dir='ltr'><strong>Academiae</strong></span> <span class='ocrx_word' id='word_1_301' title='bbox 1307 3951 1623 4017; x_wconf 82' lang='lat' dir='ltr'><strong>Bavariac</strong></span> <span class='ocrx_word' id='word_1_302' title='bbox 1710 3951 2254 4032; x_wconf 76' lang='lat' dir='ltr'><strong>(Jahresberichte</strong></span> <span class='ocrx_word' id='word_1_303' title='bbox 2332 3952 2446 4015; x_wconf 79' lang='lat' dir='ltr'><strong>der</strong></span> <span class='ocrx_word' id='word_1_304' title='bbox 2521 3952 2750 4036; x_wconf 62' lang='lat' dir='ltr'><strong>kbnzyl.</strong></span> 
     </span>
     <span class='ocr_line' id='line_1_36' title="bbox 414 4052 2750 4138; baseline 0.001 -21"><span class='ocrx_word' id='word_1_305' title='bbox 414 4053 822 4138; x_wconf 76' lang='lat' dir='ltr'><strong>Bayerschen</strong></span> <span class='ocrx_word' id='word_1_306' title='bbox 866 4052 1209 4116; x_wconf 75' lang='lat' dir='ltr'><strong>Alcademie</strong></span> <span class='ocrx_word' id='word_1_307' title='bbox 1254 4053 1368 4115; x_wconf 79' lang='lat' dir='ltr'><strong>der</strong></span> <span class='ocrx_word' id='word_1_308' title='bbox 1422 4053 1970 4136; x_wconf 65' lang='lat' dir='ltr'><strong>Wzssscensclzafien.</strong></span> <span class='ocrx_word' id='word_1_309' title='bbox 2042 4053 2173 4118; x_wconf 91' lang='lat' dir='ltr'><strong>III.</strong></span> <span class='ocrx_word' id='word_1_310' title='bbox 2218 4053 2490 4117; x_wconf 74' lang='lat' dir='ltr'><strong>Bericht</strong></span> <span class='ocrx_word' id='word_1_311' title='bbox 2536 4075 2597 4137; x_wconf 91' lang='lat' dir='ltr'><strong>p.</strong></span> <span class='ocrx_word' id='word_1_312' title='bbox 2645 4057 2750 4132; x_wconf 87' lang='lat'><strong>59)</strong></span> 
     </span>
     <span class='ocr_line' id='line_1_37' title="bbox 416 4147 2842 4240; baseline 0 -21"><span class='ocrx_word' id='word_1_313' title='bbox 416 4177 530 4240; x_wconf 85' lang='lat' dir='ltr'><strong>pro</strong></span> <span class='ocrx_word' id='word_1_314' title='bbox 577 4147 1053 4237; x_wconf 72' lang='grc' dir='ltr'><em>συναυξήσουσ’</em></span> <span class='ocrx_word' id='word_1_315' title='bbox 1103 4150 1323 4239; x_wconf 81' lang='grc' dir='ltr'><em>ἤματα</em></span> <span class='ocrx_word' id='word_1_316' title='bbox 1353 4152 1572 4219; x_wconf 83' lang='grc' dir='ltr'><em>πάντα</em></span> <span class='ocrx_word' id='word_1_317' title='bbox 1601 4154 1951 4240; x_wconf 62' lang='lat' dir='ltr'><strong>legendum,</strong></span> <span class='ocrx_word' id='word_1_318' title='bbox 1980 4174 2120 4222; x_wconf 76' lang='lat' dir='ltr'><strong>esse</strong></span> <span class='ocrx_word' id='word_1_319' title='bbox 2150 4155 2418 4222; x_wconf 81' lang='lat' dir='ltr'><strong>coniecit</strong></span> <span class='ocrx_word' id='word_1_320' title='bbox 2446 4148 2746 4232; x_wconf 75' lang='grc' dir='ltr'><em>ἆνέξουσ’</em></span> <span class='ocrx_word' id='word_1_321' title='bbox 2828 4169 2842 4184; x_wconf 87' lang='grc'><em>·</em></span> 
     </span>
    </p>
   </div>
   <div class='ocr_carea' id='block_1_3' title="bbox 556 4370 2361 4442">
    <p class='ocr_par' dir='ltr' id='par_1_4' title="bbox 556 4370 2361 4442">
     <span class='ocr_line' id='line_1_38' title="bbox 556 4370 2361 4442; baseline 0.002 -19"><span class='ocrx_word' id='word_1_322' title='bbox 556 4376 588 4438; x_wconf 88' lang='lat'><strong>¹)</strong></span> <span class='ocrx_word' id='word_1_323' title='bbox 626 4375 713 4424; x_wconf 92' lang='lat' dir='ltr'><strong>IX.</strong></span> <span class='ocrx_word' id='word_1_324' title='bbox 755 4391 800 4439; x_wconf 86' lang='lat' dir='ltr'><strong>p.</strong></span> <span class='ocrx_word' id='word_1_325' title='bbox 840 4377 954 4427; x_wconf 88' lang='grc'><strong>406.</strong></span> <span class='ocrx_word' id='word_1_326' title='bbox 993 4375 1040 4425; x_wconf 86' lang='lat' dir='ltr'><strong>d.</strong></span> <span class='ocrx_word' id='word_1_327' title='bbox 1075 4374 1137 4426; x_wconf 80' lang='lat' dir='ltr'><strong>V.</strong></span> <span class='ocrx_word' id='word_1_328' title='bbox 1160 4370 1394 4425; x_wconf 59' lang='lat' dir='ltr'><strong>&#39;Prellem</strong></span> <span class='ocrx_word' id='word_1_329' title='bbox 1434 4376 1659 4427; x_wconf 83' lang='lat' dir='ltr'><strong>Demeter</strong></span> <span class='ocrx_word' id='word_1_330' title='bbox 1693 4376 1798 4427; x_wconf 78' lang='lat' dir='ltr'><strong>und</strong></span> <span class='ocrx_word' id='word_1_331' title='bbox 1831 4377 2139 4442; x_wconf 71' lang='lat' dir='ltr'><strong>Persephone</strong></span> <span class='ocrx_word' id='word_1_332' title='bbox 2171 4391 2221 4440; x_wconf 87' lang='lat' dir='ltr'><strong>p.</strong></span> <span class='ocrx_word' id='word_1_333' title='bbox 2252 4376 2361 4426; x_wconf 85' lang='lat'><strong>109.</strong></span> 
     </span>
    </p>
   </div>
  </div>
 </body>
</html>
