3499 5219
1595 426 1731 435 ——
1820 394 1942 457 332
2032 425 2065 430 --
2136 425 2162 430 -

710 562 791 628 de
835 571 1156 646 suggestu,
1203 561 1321 626 1105
1364 582 1494 626 11011
1538 561 1740 625 videri
1786 560 2166 643 cogitavisse
2210 560 2293 624 (16
2321 560 2718 624 immutando
2749 569 3059 643 suggestu

707 666 867 749 ipso,
915 663 1030 730 sed
1075 663 1157 728 de
1199 665 1575 729 ascensione
1621 663 1757 728 eius
1799 682 1875 727 ac
1919 662 2003 726 de
2046 669 2215 728 statu
2259 663 2775 726 concionatorum
2815 665 2886 728 in
2916 666 3061 747 pul·

707 769 841 851 pito
901 775 970 831 ut
1021 765 1175 831 inde
1233 785 1420 830 omen
1475 773 1827 848 caperetur.
1916 765 2116 830 Vides
2169 763 2362 846 igitur
2412 764 2572 828 nihil
2617 784 2697 828 ex
2740 765 2866 828 hac
2909 766 3057 829 Plu-
3128 792 3135 798 ·

705 869 910 933 tarchi
964 869 1331 933 narratione
1386 866 1683 932 concludi
1739 887 1932 950 posse
1987 866 2156 948 quod
2214 867 2597 931 sententiam
2640 873 2924 930 nostram
2971 865 3057 932 de

708 977 1012 1054 suggestu
1056 970 1123 1034 in
1151 969 1368 1053 Pnyce
1414 970 1763 1034 etiamnum
1804 966 2061 1032 residuo
2096 968 2436 1032 convellat.
2502 969 2844 1034 Praeterea
2875 968 3057 1032 aliud

708 1079 806 1136 est
848 1070 933 1135 ad
978 1070 1147 1154 quod
1191 1072 1472 1136 animum
1517 1070 1927 1135 advertamus
1969 1089 2233 1135 necesse
2278 1076 2392 1135 est.

879 1172 1182 1238 Consulto
1228 1173 1387 1238 haec
1430 1171 1590 1236 dixit
1618 1173 1851 1237 Pollux
1881 1170 2108 1237 Onom.
2132 1171 2310 1253 VIII,
2350 1176 2487 1236 132.
2528 1166 3055 1254 Ἐνεκκλησίαζον

715 1272 787 1339 δὲ
832 1273 1046 1339 πάλαι
1088 1275 1209 1357 μὲν
1254 1273 1319 1339 ἐν
1366 1275 1443 1359 τῇ
1481 1278 1725 1338 Πυκνί·
1772 1271 1958 1350 Πνὺξ
2001 1272 2073 1338 δὲ
2119 1259 2192 1355 ἧν
2234 1279 2474 1353 χωρίον
2520 1271 2690 1354 πρὸς
2734 1275 2811 1354 τῇ
2858 1267 3055 1355 ἇκρο-

635 1442 638 1443 ε
707 1374 907 1441 πόλει
961 1381 1557 1457 κατεσκευασμένον
1616 1372 1782 1439 κατὰ
1838 1374 1952 1458 τὴν
2011 1373 2305 1439 παλαιὰν
2366 1368 2710 1459 ἁπλότητα
2776 1368 2891 1438 οὐκ
2957 1374 3053 1451 εἰς

709 1476 1002 1562 θεάτρου
1058 1475 1724 1562 πολυπραγμοσύνην.
1828 1464 2064 1553 Αῗθις
2137 1475 2210 1542 δὲ
2280 1476 2362 1540 τὰ
2425 1476 2544 1557 μὲν
2605 1472 2773 1577 ἄλλα
2833 1477 2899 1543 ἓν
2955 1481 3053 1563 τῷ

706 1582 1128 1664 Διονυσιακῷ
1174 1577 1471 1664 θεάτρῳ,
1533 1576 1743 1660 μόνας
1799 1578 1870 1644 δὲ
1925 1578 2044 1655 τὰς
2101 1571 2520 1661 ἀρχαιρεσίας
2580 1577 2645 1643 ἐν
2691 1581 2767 1665 τῇ
2816 1584 3051 1656 Πυκνί,

709 1674 835 1765 ἀφ’
903 1670 977 1767 ἧς
1035 1680 1149 1747 τὸν
1207 1684 1325 1746 τοῦ
1386 1679 1591 1766 δήμου
1654 1679 1949 1765 θόρυβον
2007 1677 2322 1766 πυκνίτην
2380 1681 2584 1766 φασὶν
2645 1680 2709 1745 οἱ
2751 1687 3049 1762 κωμικοί.

708 1783 834 1849 Cur
878 1792 1063 1867 septa
1099 1785 1586 1851 Atheniensium
1631 1784 1986 1868 composuit
2029 1806 2171 1849 cum
2216 1786 2486 1866 11163110,
2532 1787 2656 1850 11151
2700 1787 3056 1852 similitudo

707 1888 1023 1969 quaedam
1079 1889 1245 1952 inter
1300 1895 1635 1968 utrumque
1690 1887 1900 1951 locum
1951 1887 2357 1953 intercessit?
2443 1889 2692 1971 Nempe
2736 1889 2824 1953 ad
2868 1898 3056 1974 septa

706 1990 1067 2072 pertinebat
1111 1982 1146 2070 ἦ
1195 1987 1453 2052 παλαιὰ
1498 1983 1814 2073 ἁπλότης,
1861 1991 1901 2053 1.
1935 2010 1990 2054 6.
2039 1991 2260 2054 tetrica
2305 1991 2699 2073 simplicitas,
2746 1993 2831 2056 ad
2875 1993 3055 2057 thea-

705 2098 870 2154 trum
914 2084 950 2175 ἦ
999 2089 1636 2174 πολυπραγμοσίνη,
1691 2093 1731 2155 1.
1780 2112 1834 2156 6.
1880 2091 2276 2155 artificiosior
2319 2093 2443 2156 loci
2486 2095 2837 2158 exornatio,
2912 2096 3053 2158 Iam

706 2213 858 2258 vero
919 2214 1112 2276 quum
1167 2194 1440 2260 sciamus
1498 2195 1687 2258 bema
1744 2194 1812 2257 111
1869 2194 2086 2277 Pnyce
2159 2195 2416 2276 saepius
2489 2197 2842 2278 comparari
2906 2218 3051 2261 cum

707 2296 892 2377 logeo
936 2296 1004 2358 in
1051 2297 1330 2377 11163110,
1389 2296 1559 2377 quod
1604 2297 1797 2361 scalis
1842 2297 1993 2360 item
2036 2296 2469 2378 gradibusque
2512 2298 2806 2379 utrinque
2849 2300 3057 2363 muni-

704 2404 838 2461 tum
895 2406 1030 2462 erat
1085 2406 1277 2480 atque
1332 2398 1494 2462 illud
1548 2399 1739 2463 bema
1796 2397 1965 2479 quod
2023 2399 2214 2462 etiam
2268 2419 2438 2462 nunc
2492 2400 2714 2463 visitur
2755 2400 3052 2482 Athenis,

706 2521 837 2564 non
893 2500 984 2563 ita
1040 2501 1231 2582 longe
1288 2521 1328 2564 a
1383 2521 1535 2564 vero
1593 2501 1825 2565 abesse
1881 2498 2203 2583 putandus
2260 2500 2378 2564 erit
2422 2501 2504 2580 15,
2570 2501 2677 2581 qui
2719 2504 3052 2583 antiquam

705 2603 987 2685 Pnycem
1035 2601 1307 2684 effigiem
1352 2609 1416 2667 et
1459 2603 1640 2685 quasi
1684 2602 2091 2668 simulacrum
2136 2602 2509 2684 praebuisse
2566 2602 2786 2668 credat
2836 2606 3057 2688 aptius

706 2704 1091 2769 exstruendo
1134 2706 1398 2787 antiquo
1443 2706 1694 2770 theatro
1739 2704 1998 2768 Bacchi.
2099 2704 2204 2768 Sic
2261 2705 2431 2769 enim
2488 2705 2628 2787 ipse
2672 2705 3055 2772 Plutarchus

705 2804 927 2869 πολιτ.
974 2830 1242 2891 παρεγγ.
1290 2830 1352 2891 p.
1402 2810 1544 2872 823.
1590 2807 1663 2870 Β.
1710 2802 1943 2890 μικρὸν
1991 2800 2233 2890 ἡμέρας
2276 2810 2473 2887 μέρος
2517 2804 2629 2868 ἐπὶ
2674 2808 2791 2869 τοῖ·
2836 2806 3052 2893 βήμα-

706 2929 821 2984 τος
880 2901 918 2990 i}
973 2910 1088 2972 τοῦ
1144 2909 1399 2990 λογείου
1457 2905 2002 2986 πολιτευόμενος,
2064 2925 2327 2989 quorum
2378 2909 2647 2972 alterum
2695 2909 2919 2990 (βῆμα)
2964 2909 3053 2974 ad

704 3013 986 3095 Pnycem
1032 3019 1308 3095 spectat,
1363 3012 1634 3075 alterum
1680 3009 1984 3090 (λογεῖον)
2030 3009 2116 3073 ad
2159 3009 2475 3074 theatrum
2520 3009 2776 3075 Bacchi.
2867 3012 3053 3076 Simi-

703 3114 850 3178 liter
891 3115 1081 3179 bema
1125 3121 1187 3178 et
1231 3115 1485 3194 logeum
1531 3115 1696 3177 inter
1740 3132 1811 3176 se
1856 3111 2177 3194 componit
2221 3118 2439 3175 auctor
2494 3108 2726 3187 λέξεων
2787 3111 3051 3196 ῥητορι-

703 3215 833 3277 κῶν
879 3214 1052 3298 apud
1096 3216 1467 3279 Bckkerum
1511 3215 1757 3279 Allecd.
1804 3234 1867 3296 p.
1902 3216 2044 3276 219.
2143 3213 2360 3292 Βῆμα;
2418 3210 2695 3278 πλείονα
2742 3220 3050 3299 σημαίνει

704 3310 1095 3397 κοινότερον.
1171 3312 1354 3380 Ἔστι
1403 3314 1473 3381 δὲ
1519 3310 1691 3379 οὕτω
1737 3337 1885 3390 πως
1928 3313 2039 3378 καὶ
2081 3311 2157 3377 τὸ
2206 3311 2479 3395 λογεῖον,
2545 3310 2772 3400 ὥσπερ
2811 3316 2926 3381 καὶ
2968 3317 3048 3383 τὸ

707 3415 772 3480 ἔν
837 3415 1141 3502 ἐκκλησίᾳ
1205 3416 1315 3482 καὶ
1377 3415 1453 3480 τό
1522 3416 1586 3482 ἓν
1645 3421 1789 3493 τοῖς
1848 3412 2312 3501 δικαστηρίοις.
2413 3419 2507 3482 Ac
2562 3418 2616 3482 Si
2670 3440 2891 3484 verum
2953 3430 3055 3486 est

704 3540 1006 3602 magnam
1049 3521 1528 3586 similitudinem
1574 3541 1716 3586 6556
1761 3540 1978 3585 eorum
2022 3519 2339 3600 ruderum,
2387 3540 2551 3600 quae
2580 3541 2749 3584 nunc
2777 3523 3055 3589 Athenis

702 3622 1020 3688 habentur
1063 3645 1177 3707 pro
1222 3623 1456 3706 Pnycis
1502 3622 1744 3706 Septis‚
1792 3643 1934 3685 cum
1977 3622 2210 3686 theatri
2253 3623 2467 3703 graeci
2510 3621 2742 3704 forma,
2791 3624 3052 3690 difficile

703 3725 822 3789 erit
864 3744 1101 3807 negare
1145 3745 1295 3790 vere
1339 3725 1655 3790 detectam
1701 3744 1844 3789 esse
1887 3724 1970 3787 ab
2001 3723 2406 3789 Aberdeenio
2440 3723 2685 3790 Comite
2719 3728 3049 3807 regionem

702 3827 938 3909 Pnyois
980 3828 1207 3910 ipsam.
1298 3828 1476 3892 Haec
1532 3826 1881 3892 similitudo
1940 3846 2062 3907 quo
2120 3826 2325 3907 magis
2381 3826 2449 3889 111
2509 3828 2725 3891 0611105
2769 3828 3050 3893 incurrat

702 3928 1156 4011 adscripsimus
1198 3930 1523 4011 utriusque
1565 3930 1690 3994 loci
1735 3928 2030 4010 effigiem.

871 4031 972 4093 Ex
1013 4030 1136 4095 hac
1179 4038 1391 4096 autem
1435 4038 1772 4113 suggestus
1817 4027 2026 4110 effigie
2064 4028 2442 4111 intelligitur
2486 4030 2638 4111 quid
2682 4030 2765 4095 sit
2807 4027 3048 4110 παριέ-·

701 4155 812 4195 ναι
856 4133 1026 4214 quod
1072 4132 1153 4197 de
1196 4133 1550 4197 oratoribus
1593 4131 2094 4197 Atheniensibus
2150 4130 2378 4196 dicitur
2434 4153 2625 4214 quum
2670 4131 2755 4195 ad
2800 4131 3048 4196 concio-

701 4233 986 4299 nandum
1042 4235 1413 4319 procedunt.
1512 4234 1651 4298 Hoc
1724 4234 1895 4298 enim
1965 4233 2163 4297 verbo
2234 4254 2364 4297 non
2430 4234 2529 4298 usi
2585 4240 2799 4298 essent
2854 4233 3050 4298 Attici

699 4338 826 4402 nisi
879 4337 1011 4402 tale
1067 4335 1290 4402 fuisset
1343 4336 1533 4400 bema
1588 4335 1779 4417 quale
1836 4335 2069 4400 scimus
2125 4335 2320 4401 fuisse
2364 4335 2430 4399 in
2475 4336 2694 4419 Pnyce
2748 4335 2789 4398 i.
2837 4356 2891 4400 6.
2939 4355 3048 4399 ex-
