3499 5219
1339 404 1909 468 —209—

444 577 638 654 atque
697 571 779 637 de
835 570 971 637 eius
1024 571 1559 656 metempsychosi
1612 571 1718 639 vel
1777 571 2032 639 animae
2087 574 2468 657 migratione
2518 576 2790 661 primum

446 674 616 740 inter
657 673 939 740 Graecos
982 673 1219 738 tradita
1261 680 1378 754 est,
1431 692 1560 756 qua
1602 673 1893 741 doctrina
1935 677 2223 759 paullum
2266 684 2511 742 mutata
2555 677 2790 745 deinde

444 796 595 842 suos
651 774 1101 860 philosophiae
1156 775 1373 842 hortos
1428 776 1716 860 irrigavlt
1771 777 2171 861 Pythagoras
2187 826 2203 859 ,
2268 778 2540 846 fortasse
2596 782 2790 846 etiam

445 877 884 962 Pherecydes,
960 877 1095 943 eius
1165 877 1489 960 magister.
1565 878 2180 963 .Metempsychosin
2256 880 2391 945 dixi
2459 881 2790 965 vulgarem

444 988 697 1046 secutus
765 979 1349 1046 denominationem
1365 1028 1382 1061 ,
1456 998 1822 1061 quanquam
1886 980 2008 1046 hoc
2062 982 2378 1048 vocabulo
2441 1003 2572 1048 non
2634 985 2790 1050 satis

444 1088 597 1166 apto
643 1082 1030 1148 Graecorum
1075 1100 1264 1147 nemo
1310 1079 1392 1146 de
1421 1080 1828 1165 Pythagorae
1872 1081 2161 1149 doctrina
2202 1103 2354 1149 usus
2398 1092 2496 1151 est
2537 1094 2792 1169 praeter

444 1203 590 1250 eum
648 1185 756 1266 qui
810 1182 1078 1249 Diodori
1137 1182 1335 1249 Siculi
1390 1184 1590 1249 verba
1654 1184 1971 1267 excerpsit
2039 1185 2152 1250 lib.
2195 1185 2354 1268 VII,
2414 1187 2516 1253 35.
2573 1207 2638 1272 p.
2686 1192 2788 1253 31.

442 1285 672 1369 Dind.;
715 1306 847 1351 non
893 1285 1063 1352 enim
1106 1305 1278 1350 nova
1320 1283 1538 1349 anima
1580 1293 1949 1368 procreatur
1986 1286 2333 1353 secundum
2362 1288 2531 1354 hanc
2563 1287 2801 1354 doctri-²

440 1408 591 1453 nam
611 1436 626 1465 ,
687 1387 804 1454 sed
860 1407 1096 1453 novum
1153 1406 1381 1469 corpus
1439 1386 1505 1451 in
1557 1406 1682 1469 quo
1722 1392 2031 1469 tanquam
2073 1388 2401 1455 involucro
2443 1389 2788 1455 includitur

436 1489 573 1555 illa.
679 1489 832 1572 Ipse
889 1490 1060 1555 enim
1115 1488 1516 1573 Pythagoras
1572 1508 1755 1554 suam
1816 1488 1896 1555 de
1952 1490 2306 1556 animarum
2362 1491 2786 1557 humanarum

436 1591 821 1674 migratione
863 1590 1244 1657 sententiam
1288 1611 1421 1656 non
1477 1588 1987 1673 μετεμψιῖχωσιν
2047 1590 2324 1671 dixerat,
2387 1591 2504 1658 sed
2556 1613 2783 1674 μετεν-

436 1694 835 1774 σωμάτωοιν
882 1701 946 1758 et
987 1699 1159 1758 recte
1192 1692 1469 1775 quidem.
1530 1692 1696 1759 Vide
1724 1692 2145 1777 Hippolytum
2177 1693 2269 1759 sic
2305 1693 2542 1758 dictum
2571 1694 2781 1760 Refut.

435 1794 685 1861 haeres.
735 1816 801 1880 p.
852 1798 949 1860 12.
1009 1794 1409 1861 Schneidew.
1456 1801 1520 1860 et
1563 1794 1928 1860 Dunckeri:
1990 1781 2183 1871 οὗτος
2240 1787 2302 1873 (ὅ
2344 1793 2780 1877 Πυθαγόρας)

433 1901 546 1960 καὶ
587 1895 802 1980 ψυχὴν
847 1889 1190 1960 ἀθάνατον
1236 1888 1383 1960 εἶπε
1426 1893 1536 1960 καὶ
1593 1892 2425 1975 μετενσωμάτιυσιν’).
2513 1897 2779 1964 Tertull.

432 2004 652 2064 tamen
712 1996 793 2064 de
847 1998 1043 2064 anim.
1104 2003 1204 2063 31.
1271 2005 1537 2081 utroque
1591 1998 1905 2063 vocabulo
1970 2005 2033 2064 et
2088 1992 2655 2080 μετεμψυχώσεως
2717 2006 2782 2065 et

433 2098 1087 2181 μετενσωματώσιως
1141 2100 1366 2182 utitur,
1427 2100 1860 2185 Pythagoram
1914 2097 2221 2183 irridens3
2280 2098 2454 2166 unde
2512 2100 2780 2166 alteram

432 2201 523 2267 ad
567 2200 879 2285 Orphicos
924 2201 1245 2285 pertinere
1286 2201 1633 2268 verisimile
1677 2208 1806 2282 est,
1859 2199 2032 2285 quod
2073 2201 2195 2266 hoc
2237 2202 2464 2267 saltem
2509 2202 2782 2266 vocabu-

432 2304 568 2369 lum
622 2303 904 2370 numeris
962 2304 1350 2370 hexametris
1408 2301 1824 2388 Orphicorum
1892 2304 2099 2388 potuit
2153 2301 2479 2386 adaptari,
2552 2306 2777 2381 μετεν-

436 2404 835 2486 σωμάτωσις
889 2424 1042 2471 vero
1097 2406 1201 2471 vel
1257 2404 1756 2487 παλιγγενεσία,
1820 2423 2010 2486 quam
2063 2405 2467 2489 repetentiam
2526 2404 2781 2472 dixerat

433 2507 795 2589 Lucretius,
870 2527 1001 2572 non
1055 2507 1229 2573 item.
1328 2507 1628 2573 Fortasse
1688 2508 1881 2589 igitur
1944 2505 2012 2571 in
2067 2503 2361 2589 Orphicis
2414 2505 2483 2571 id
2540 2505 2774 2571 dictum

433 2616 573 2675 erat
629 2634 828 2690 μετεμ
839 2608 1136 2691 ψύχωσις
1193 2607 1364 2694 quod
1406 2609 1807 2695 Pythagoras
1861 2608 2093 2675 rectius
2148 2607 2309 2674 dixit
2357 2608 2773 2688 μετενσωμά-

431 2732 655 2775 τωσιν.
745 2711 934 2778 Solus
990 2720 1204 2778 autem
1248 2712 1651 2796 Pythagoras
1707 2711 1938 2795 prioris
1995 2711 2168 2776 vitae
2211 2730 2364 2776 suae
2406 2711 2775 2776 memoriam

433 2820 704 2880 testatus
778 2821 875 2881 est
947 2834 1064 2898 per
1135 2812 1660 2896 significationem
1714 2812 2059 2896 quandam.
2157 2812 2325 2877 Nam
2383 2832 2514 2876 non
2567 2813 2774 2878 solum

429 2916 847 2999 Euphorbum
876 2917 1197 3001 Phrygem
1242 2916 1394 2980 olim
1437 2915 1704 2981 troianis
1745 2915 2138 2997 temporibus
2174 2933 2245 2979 se
2275 2912 2473 2978 fuisse
2503 2913 2773 2995 dixerat,

431 3037 596 3099 quac
640 3018 960 3084 sententia
1004 3023 1100 3084 est
1143 3037 1547 3083 romanorum
1591 3022 1925 3101 poetarum
1938 3016 1985 3093 ¹)
2002 3063 2019 3097 ,
2085 3014 2201 3080 sed
2256 3014 2621 3080 continuam
2678 3035 2774 3081 se-

429 3120 589 3186 riem
648 3116 1298 3201 μετενσωματώσιως
1361 3138 1516 3185 suae
1573 3139 1614 3184 a
1673 3117 1796 3183 diis
1853 3115 2007 3183 inde
2061 3115 2399 3200 repetitam
2450 3115 2772 3183 fabulatus

432 3240 575 3288 esse
632 3221 892 3305 dicitur,
965 3239 1156 3303 quam
1213 3220 1415 3287 habes
1470 3220 1647 3305 apud
1703 3219 2124 3303 Hippolytum
2188 3217 2233 3283 l.
2290 3219 2336 3283 l.
2398 3215 2503 3282 διὸ
2559 3217 2770 3300 ἔλεγεν

431 3320 663 3386 ἑαυτὸν
719 3321 853 3404 πρὸ
907 3322 1027 3404 μὲν
1087 3324 1220 3386 τῶν
1283 3322 1598 3404 Τρωικῶν
1653 3315 2046 3404 Αἰθαλίδην
2117 3322 2480 3403 γεγονέναι,
2556 3317 2623 3384 ἐν
2698 3318 2771 3385 δὲ

427 3428 574 3501 τοῖς
622 3430 949 3505 Τρωικοῖς
993 3421 1344 3508 Εὔφορβον
1360 3472 1377 3501 ,
1435 3420 1603 3505 μετὰ
1659 3422 1731 3487 δὲ
1787 3423 1995 3486 ταῦτα
2046 3415 2438 3503 Ἑρμότιμον
2494 3417 2767 3502 Σάμιον,

427 3517 593 3608 μεθ’
660 3522 733 3589 ὃν
788 3524 1055 3607 Πύρρον
1106 3523 1389 3610 Δήλιον,
1449 3528 1759 3604 πέμπτον
1816 3520 2259 3605 Πυθαγόραν,
2317 3529 2411 3605 et,
2472 3522 2580 3605 qui
2636 3522 2769 3589 fere

427 3627 656 3695 eadem
697 3628 1002 3709 narravit,
1049 3627 1237 3709 Diog.
1267 3626 1480 3691 Laert.
1506 3625 1685 3708 VIII,
1716 3630 1758 3690 4
1803 3624 2047 3709 (paullo
2090 3624 2278 3690 aliter
2305 3623 2614 3709 Porphyr.
2639 3627 2766 3703 45).

428 3729 635 3809 Quam
679 3729 962 3794 fabulam
994 3748 1112 3811 ego
1141 3749 1274 3793 non
1302 3727 1647 3793 admodum
1677 3745 1982 3807 curarem,
2028 3744 2221 3808 quum
2249 3723 2337 3790 ad
2361 3725 2767 3793 Heraclidem

427 3832 789 3912 Ponticum,
823 3830 1197 3896 ‘Aristotelis
1242 3829 1618 3913 discipulum
1635 3878 1651 3911 ,
1710 3827 2024 3895 referatur
2064 3835 2417 3910 auctorem,
2475 3828 2601 3894 nisi
2642 3828 2768 3913 ipsi

429 3933 760 3999 Aristoteli
814 3931 1168 3998 innotuisse
1222 3932 1411 3998 facile
1469 3930 1764 3997 concludi
1822 3936 2041 4012 posset
2111 3948 2192 3994 ex
2261 3928 2426 3995 libro
2490 3931 2624 3996 eius
2683 3928 2766 3995 de

562 4187 596 4250 ¹)
634 4188 745 4237 Hoc
786 4183 1078 4236 vocabulum
1114 4186 1376 4250 cognitum
1410 4186 1567 4237 fuisse
1602 4183 1864 4235 Aristoteli
1901 4196 1968 4233 cx
2003 4182 2168 4233 verbis
2205 4183 2313 4233 eius
2348 4181 2410 4233 (lc
2444 4183 2600 4234 anim.
2636 4183 2678 4241 Ι,
2713 4183 2763 4233 3.

423 4275 595 4337 patet:
644 4267 746 4332 τὴν
781 4272 1056 4338 τυχοῦσαν
1087 4266 1274 4337 ψυχὴν
1308 4266 1383 4326 εἰς
1417 4267 1479 4320 τὸ
1518 4266 1684 4338 τυχὸν
1725 4263 2112 4320 ἐνδύεσθαι
2160 4267 2253 4318 eci
2266 4283 2371 4335 μα.
2509 4264 2546 4329 ²)
2587 4265 2763 4317 Hora-t.

424 4357 516 4408 Od.
552 4357 597 4418 Ι,
632 4359 714 4419 28,
755 4359 834 4408 10.
905 4356 1051 4406 Ovid.
1087 4355 1208 4406 Met.
1244 4353 1355 4416 XV,
1402 4352 1507 4406 153.

524 4448 805 4491 Gonmmo
815 4478 827 4497 ‚
864 4447 1083 4499 opuscula.
2295 4437 2355 4486 14
