3499 5219
1664 420 2171 484 -28—

756 599 903 660 sunt
956 591 1042 656 ad
1097 589 1355 673 nuptias
1399 587 1724 654 Vimariae
1774 585 2195 652 celebrandas
2238 584 2578 668 Philippus
2623 585 3101 669 Melanchthon,

755 696 808 760 I.
890 692 1322 773 Camerarius,
1398 690 1727 772 Zieglerus
1740 737 1757 771 ,
1776 691 1817 766 ¹)
1891 687 2254 753 Ioachimus
2325 688 2523 753 Retus
2595 688 3101 755 mathematicus.

757 796 936 862 Haec
999 794 1241 876 omnia,
1317 812 1483 876 quae
1547 792 1910 858 describere
1973 790 2124 854 nolo
2189 789 2478 871 uberius,
2556 791 2851 874 exposuit
2912 791 3102 856 Mich.

757 898 1021 964 Toxites
1063 897 1133 961 in
1178 894 1594 980 epithalamio
1626 894 1892 976 Stigelio
1921 891 2137 958 misso.
2188 891 2342 956 Alia
2372 892 2667 976 exposuit
2697 891 3103 976 Christopho-

755 1019 863 1065 rus
918 997 1479 1079 Schellenbergius
1547 997 1618 1060 in
1684 994 2119 1078 Epithalamio
2178 993 2445 1076 Stigelio
2517 995 2712 1059 misso
2786 994 2887 1075 (V.
2943 996 3105 1079 Aeg.

755 1100 1092 1167 Periandri
1137 1097 1484 1164 Germania
1525 1118 1588 1181 p.
1637 1097 1805 1171 584.)
1894 1093 2102 1172 Quum
2156 1095 2483 1176 aliquanto
2545 1096 2781 1162 diutius
2845 1104 3108 1180 propter

756 1202 1016 1286 nuptias
1057 1200 1380 1266 Vimariae
1422 1200 1715 1264 haereret
1760 1197 1969 1279 elegia
2011 1196 2289 1278 quadam
2302 1197 2345 1273 ²)
2390 1217 2461 1262 se
2491 1199 2820 1263 excusavit
2854 1201 3110 1265 commi·

754 1304 1062 1369 litonibus
1120 1301 1685 1385 Vitebergensibus
1742 1317 2017 1381 moxque
2088 1318 2158 1364 se
2230 1297 2578 1363 rediturum
2651 1318 2795 1365 esse
2864 1301 3110 1385 pollici-

758 1411 862 1470 tus
907 1412 1022 1471 est.

928 1508 1097 1571 Dum
1140 1505 1325 1570 initio
1370 1504 1725 1586 Vimariae,
1785 1503 1926 1567 loco
1973 1501 2204 1583 quietis
2246 1507 2311 1566 et
2352 1502 2830 1584 tranquillitatis
2871 1505 3108 1588 plenis-

759 1609 948 1690 simo,
1025 1613 1252 1691 postea
1304 1607 1691 1687 Vitebergae
1745 1603 1949 1668 amori
2003 1624 2117 1668 suo
2180 1602 2473 1685 indulget
2528 1604 2862 1688 Stigelius,
2938 1607 3110 1674 unde

758 1708 1070 1776 MDXLV
1113 1707 1433 1774 desiderio
1476 1705 1730 1773 visendi
1771 1707 1973 1790 patris
2016 1705 2263 1788 aegroti
2304 1712 2520 1771 rursus
2575 1707 2643 1771 in
2686 1708 3108 1791 Thuringiam

759 1812 1080 1897 profectus
1135 1818 1259 1892 est,
1277 1811 1322 1886 ³)
1394 1810 1610 1892 gravis
1664 1808 1781 1873 illa
1834 1814 2183 1891 tempestas
2241 1827 2433 1889 quam
2474 1808 2851 1891 impendere
2895 1813 3109 1878 Prote-

760 1913 1078 1979 stantibus
1123 1931 1344 1978 omnes
1388 1910 1629 1975 dudum
1673 1915 2156 1993 prospexerant,
2208 1909 2276 1972 in
2319 1909 2590 1975 comitiis
2633 1912 3110 1979 Ratisbonensi-

759 2017 881 2081 bus
936 2016 1014 2080 A.
1072 2013 1416 2079 MDXLVI
1472 2013 1790 2077 concitata
1849 2018 1965 2076 est.
2063 2010 2394 2075 Mauritius
2449 2010 2620 2076 Saxo
2678 2014 2762 2079 ab
2820 2015 3109 2082 Iohanne

761 2117 1086 2183 Friderico
1133 2114 1507 2199 prudentius
1552 2134 1737 2196 quam
1795 2113 2123 2178 honestius
2178 2112 2266 2177 ad
2311 2112 2606 2177 Carolum
2650 2114 3108 2199 Imperatorem

765 2217 1000 2284 defecit
1069 2217 1435 2298 bellumque
1506 2215 1966 2281 Smalcaldium
2051 2214 2373 2297 extemplo
2461 2222 2750 2280 exortum
2835 2219 3107 2302 primum

761 2321 1119 2385 Iohannem
1177 2318 1569 2383 Fridericum
1627 2318 1948 2383 Saxoniae
2003 2317 2363 2381 Electorem
2420 2325 2647 2400 postea
2717 2320 2908 2384 etiam
2965 2322 3110 2386 Phi-

763 2423 1010 2506 lippum
1052 2420 1324 2485 Hassiae
1366 2419 1846 2502 Landgravium
1860 2467 1876 2500 ,
1934 2418 2429 2483 Protestantium
2473 2419 2697 2501 duces,
2742 2421 2812 2485 in
2853 2423 3111 2488 vincula

763 2522 1052 2589 coniecit.
1141 2522 1488 2604 Viteberga
1560 2519 1710 2585 dum
1784 2520 2113 2586 obsidetur
2182 2521 2267 2584 ab
2343 2521 2769 2604 Imperatore,
2843 2525 3111 2608 ipsaque

763 2625 1146 2690 universitas
1215 2624 1403 2689 huius
1459 2624 1636 2689 urbis
1709 2622 1962 2690 videtur
2022 2622 2107 2687 ad
2184 2622 2414 2688 incitas
2477 2623 2738 2689 redacta
2753 2674 2769 2707 ,
2845 2627 3112 2695 studiosi

762 2728 1114 2792 litterarum
1171 2732 1233 2791 et
1287 2732 1733 2809 praeceptores
1791 2726 1985 2790 etiam
2043 2725 2317 2808 dispersi
2372 2744 2489 2808 per
2544 2727 2733 2792 urbes
2797 2748 3109 2797 erravere.

764 2828 915 2911 Alii,
959 2828 1125 2892 inter
1168 2847 1324 2909 quos
1369 2834 1600 2910 poetae
1642 2848 1773 2892 non
1817 2828 2025 2910 pauci,
2074 2826 2156 2891 de
2195 2826 2451 2891 fortuna
2477 2826 2911 2897 universitatis
2941 2833 3113 2899 Vite·

764 2930 1096 3013 bergensis
1140 2927 1552 3012 desperantes
1597 2949 1789 3011 quum
1832 2927 2336 3011 Magdeburgum
2377 2929 2737 3011 venissent,
2807 2938 3111 3016 tanquam

767 3033 994 3098 velites
1036 3030 1454 3096 Luetzoviani
1494 3031 1985 3097 Reformationis
2000 3079 2016 3112 ,
2089 3029 2353 3094 nomina
2409 3028 2722 3096 dederunt
2766 3032 3112 3101 Guilielmo

767 3133 1206 3198 Thomasemo
1253 3137 1403 3212 (von
1446 3132 1925 3214 Thumbshirn)‚
1941 3134 1986 3208 Δ)
2034 3131 2170 3214 qui,
2233 3131 2541 3197 Iohannis
2584 3132 2893 3201 Friderici
2935 3157 3113 3203 exer-

767 3234 927 3299 citus
984 3232 1370 3317 praefectuS,
1445 3254 1580 3300 rem
1624 3234 1938 3299 Electoris
1995 3239 2301 3315 quantum
2341 3233 2410 3296 in
2455 3253 2525 3298 se
2569 3241 2737 3300 esset
2780 3238 3112 3305 restituere

767 3336 1134 3401 conabatur.
1223 3336 1301 3399 In
1342 3335 1443 3400 his
1485 3335 1823 3400 iuvenibus
1867 3333 2146 3400 cordatis
2188 3332 2366 3398 fuere
2407 3336 2590 3398 multi
2633 3337 2819 3402 amici
2864 3339 3113 3422 Stigelii

768 3442 833 3502 et
876 3436 1162 3518 sodales,
1229 3437 1299 3500 P.
1344 3437 1668 3502 Lotichius
1713 3436 2075 3516 Secundus,
2135 3434 2442 3499 Melchior
2484 3437 2776 3520 Zobel,⁵)
2834 3442 3112 3508 Ioannes

651 3558 656 3564 ·
767 3537 974 3620 Altus,
1020 3538 1246 3620 Varus,
1291 3538 1617 3620 Acontius,
1662 3539 1987 3603 Maternus
2018 3535 2547 3602 Steindoerfferus
2590 3540 2721 3604 alii.
2780 3544 2930 3627 Ipse
2959 3564 3112 3610 vero
3201 3575 3214 3589 »

770 3639 1128 3723 Stigelius⁶)
1173 3660 1316 3704 cum
1359 3660 1556 3706 uxore
1599 3640 1865 3706 secessit
1906 3639 2284 3719 Vimariam,
2358 3638 2467 3702 ubi
2510 3639 2750 3722 elegias
2802 3641 3112 3723 quasdam

769 3831 896 3838 *—

904 3944 940 4009 ¹)
974 3945 1236 3995 ?Andreas
1269 3945 1531 4009 Zieglerus
1567 3944 1841 3995 Gothensis
1877 3945 2026 3995 inscr.
2062 3941 2117 3994 in
2152 3942 2266 3993 albo
2302 3943 2440 3992 acad.
2480 3941 2648 3993 Viteb.
2674 3945 2732 3993 A.
2753 3943 3108 3998 MDXXXIII.

771 4029 897 4080 Cum
933 4046 991 4079 eo
1025 4030 1303 4096 inscriptus
1326 4035 1400 4080 est
1421 4030 1530 4079 Ioh.
1551 4029 1763 4078 Isnacus
1783 4028 1847 4079 ad
1867 4044 2015 4092 quem
2032 4027 2244 4091 elegiam
2262 4028 2469 4093 scripsit
2488 4029 2746 4093 StigeliuS.
2886 4030 2922 4088 ²)
2960 4030 3016 4078 T.
3040 4030 3109 4077 Π.

767 4115 802 4165 f.
853 4117 951 4167 249
1003 4131 1050 4164 v·
1186 4114 1222 4174 3)
1260 4114 1314 4166 C.
1362 4116 1420 4164 R.
1562 4113 1602 4165 ⁴)
1637 4113 1766 4164 Vtor
1813 4128 1871 4163 ea
1904 4112 2064 4162 forma
2097 4112 2347 4174 nominis,
2397 4128 2545 4176 quam
2580 4114 2773 4177 primus
2809 4114 3111 4164 confinxisse

769 4200 968 4250 videtur
1017 4199 1259 4263 Stigelius
1307 4200 1362 4249 in
1411 4198 1674 4263 epitaphio
1721 4197 2048 4248 Thomaserni
2087 4197 2161 4261 (T.
2196 4197 2293 4247 III.
2330 4196 2365 4246 f.
2406 4199 2502 4250 106
2538 4203 2616 4256 r.).
2687 4199 3111 4248 Thumbshirnius

773 4285 851 4335 vir
883 4282 1187 4334 fortissimus
1223 4283 1451 4349 sepultus
1487 4286 1563 4332 est
1595 4282 1925 4332 Zwickaviae.
2064 4280 2102 4346 ⁵)
2137 4282 2319 4331 Postea
2365 4281 2466 4332 fuit
2512 4283 2780 4348 episcopus
2815 4283 3110 4349 Her-hipoli-

771 4373 935 4430 tanu8‚
973 4368 1168 4417 occisus
1204 4385 1234 4419 a
1269 4367 1708 4419 Grumbachianis.
1845 4368 1886 4429 θ)
1920 4366 1976 4418 Τ.
2012 4367 2082 4418 II.
2118 4366 2154 4416 f.
2197 4368 2310 4419 118.
2342 4387 2345 4391 ’
