3499 5219
1648 407 1782 415 -—-
1866 374 1989 438 282
2076 409 2209 417 —-

762 540 1243 621 προαιροῦνται
1300 534 1667 623 φαίνεσθαι
1727 537 2122 622 ἐλέγχοντες,
2196 538 2496 623 δεύτερον
2556 539 2628 606 δὲ
2687 538 3117 621 ψεινδόμενόν

758 667 825 706 τι
859 639 1202 717 δεικνύναι,
1235 636 1456 722 τρίτον
1489 639 1583 717 εἷς
1614 642 1993 723 παράδοξον
2025 638 2224 725 ἄγειν,
2257 646 2569 725 τέταρτον
2601 642 2671 708 δὲ
2705 643 3102 721 σολοικίζειν

761 753 1001 811 ποιεῖν.
1063 744 1258 808 τοῦτο
1306 735 1371 806 δ’
1433 740 1570 809 ἐστὶ
1616 741 1692 808 τὸ
1736 746 2024 833 ποιῆσαι
2067 747 2143 831 τῇ
2204 742 2373 822 λέξει
2426 744 2969 827 βαρβαρίζειν
3026 743 3103 806 ἐκ

758 847 877 909 τοῦ
925 844 1119 928 λόγου
1162 843 1276 910 τὸν
1308 837 1847 928 ἀποκρινόμενον,
1896 845 2269 911 τελευταῖον
2303 844 2375 911 δὲ
2403 843 2480 909 τὸ
2514 845 2863 922 πλεονάκις
2894 840 3103 909 ταύτὸ

762 948 987 1030 λέγειν.
1055 948 1220 1013 Prae
1263 948 1490 1015 ceteris
1534 955 1747 1014 autem
1780 948 2210 1032 Protaqoram
2253 949 2323 1014 in
2365 956 2580 1014 mente
2621 948 2927 1014 habuisse
2957 948 3105 1013 Ari-

761 1052 1054 1117 stotelem
1113 1048 1411 1115 docemur
1466 1048 1692 1115 eodem
1746 1051 1912 1116 libro
1967 1055 2094 1127 (14.
2139 1072 2204 1133 p.
2256 1048 2453 1128 17:3¹³.)
2541 1047 2977 1128 Σολοικισμός
3022 1043 3096 1111 δ’

764 1147 907 1218 οἷον
951 1156 1067 1234 μέν
1115 1151 1292 1216 ἐστιν
1338 1150 1592 1234 εἴρηται
1636 1148 1979 1234 πρότερον,
2029 1151 2168 1216 ἔστι
2215 1151 2285 1216 δὲ
2328 1155 2524 1217 τοῦτο
2567 1147 2678 1216 καί
2721 1156 2941 1216 ποιεῖν
2984 1152 3103 1214 καὶ

763 1257 1088 1319 ποιοῦντα
1118 1250 1486 1339 φαίνεσθαι
1517 1252 1627 1317 καὶ
1654 1251 1741 1338 μὴ
1776 1256 2100 1317 ποιοῦντα
2133 1252 2369 1329 δοκεῖν,
2400 1252 2713 1336 καθάπερ
2745 1247 2781 1315 ὃ
2812 1257 3101 1333 Πρωτα-

761 1355 961 1440 γόρας
1006 1355 1237 1437 ἔλεγεν,
1284 1353 1341 1420 εἰ
1387 1349 1422 1417 ὃ
1466 1357 1659 1440 μῆνις
1714 1356 1821 1420 καὶ
1870 1349 1905 1419 ὃ
1953 1353 2169 1442 πήληξ
2210 1352 2405 1440 ἄρρεν
2452 1354 2663 1421 ἐστίν·
2727 1350 2762 1418 ὃ
2808 1354 2925 1434 μὲν
2969 1353 3099 1437 γὰρ

766 1458 967 1541 λέγων
1013 1450 1367 1541 οὐλομένην
1426 1456 1778 1536 σολοικίζει
1831 1458 1951 1538 μὲν
1993 1451 2128 1522 κατ’
2179 1456 2454 1534 ἐκεῖνον,
2516 1452 2593 1521 οὗ
2654 1454 2961 1542 φαίνεται
3022 1456 3102 1522 δὲ

762 1570 905 1637 τοῖς
949 1556 1195 1636 ἄλλοις,
1246 1553 1281 1622 ὃ
1314 1559 1383 1624 δὲ
1415 1552 1771 1641 οὐλόμενον
1802 1563 2129 1644 φαίνεται,
2178 1553 2316 1623 ἀλλ’
2352 1552 2428 1623 οὗ
2462 1559 2828 1637 σολοικίζει.
2899 1559 3098 1642 δῆλον

765 1652 878 1727 οῧν
926 1656 1030 1726 ὅτι
1072 1655 1191 1726 κᾶν
1236 1667 1569 1747 τέχνῃ,τις
1613 1663 1815 1724 τοῦτο’
1857 1659 2125 1725 δύναιτο
2185 1669 2444 1726 ποιεῖν·
2505 1659 2610 1724 διὸ
2666 1659 2904 1723 πολλοὶ
2963 1663 3097 1724 τῶν

765 1762 972 1848 λόγων
1020 1758 1096 1827 οὗ
1144 1762 1672 1847 συλλογιζόμενοι
1707 1762 2134 1844 σολοικισμὸν
2180 1771 2534 1848 φαίνονται
2565 1758 3093 1844 συλλογίζεσθαι,

762 1864 1073 1951 καθάπερ
1122 1865 1186 1929 ἐν
1232 1877 1374 1943 τοῖς
1419 1865 1718 1948 ἐλέγχοις.

930 1970 1034 2034 Ad
1079 1969 1338 2035 eosdem
1382 1968 1791 2034 soloecismos
1833 1968 2252 2049 Protagoreos
2292 1966 2461 2031 redit
2488 1968 2866 2032 Aristoteles
2910 1989 2961 2032 c.
2993 1971 3094 2032 32.

761 2094 823 2158 p.
864 2076 1059 2153 182³„
1107 2078 1175 2135 ut
1218 2071 1482 2135 fallaces
1514 2089 1729 2134 eorum
1773 2071 2037 2152 laqueos
2080 2069 2368 2151 legitima
2410 2070 2658 2134 ratione
2701 2076 2813 2134 aut
2844 2069 3098 2134 dirimat

763 2181 873 2240 aut
915 2173 1266 2256 rescindat3
1312 2173 1380 2237 in
1424 2172 1568 2237 aliis
1611 2178 1824 2237 autem
1868 2171 2048 2236 libris
2093 2167 2482 2246 σολοικίζειν
2526 2172 2839 2236 vocabulo
2885 2173 3093 2253 utitur,

762 2278 940 2342 velut
990 2277 1058 2340 in
1115 2274 1630 2341 commentariolo
1687 2273 1770 2340 de
1825 2292 2085 2337 memor.
2144 2279 2209 2338 et
2261 2273 2734 2338 reminiscentia
2789 2295 2853 2357 p.
2910 2272 3096 2340 45212:

764 2376 876 2443 διὰ
919 2380 1113 2443 τοῖτο
1160 2372 1316 2441 ὅταν
1363 2375 1473 2462 δέῃ
1523 2372 1728 2470 ὄνομα
1772 2376 2218 2459 μνημονεῦσαι
2264 2372 2637 2456 παρόμοιον
2681 2375 2834 2455 μὲν,
2893 2376 2985 2452 εἰς
3027 2369 3089 2438 δ’

765 2480 970 2545 ἐκεῖνο
1021 2481 1353 2543 σολοικί
1369 2477 1407 2558 ζ
1417 2502 1451 2541 ο
1466 2502 1645 2558 μεν,
1692 2498 1816 2560 quo
1860 2477 2069 2543 simile
2098 2477 2253 2559 quid
2293 2477 2363 2541 in
2405 2486 2619 2544 mente
2660 2478 2965 2544 habuisse
3007 2479 3096 2542 vi-

765 2584 966 2666 detur,
1013 2582 1184 2665 quod
1228 2581 1424 2648 Stoici
1465 2582 1532 2646 in
1575 2581 1991 2663 grammatica
2031 2580 2490 2647 intellexerunt
2544 2581 2915 2643 anomaliam
2934 2582 2974 2657 ¹)
3033 2587 3096 2646 et

765 2687 951 2752 Rhet.
997 2685 1081 2767 ΙΙ,
1127 2706 1190 2769 p.
1243 2686 1473 2749 139122
1519 2683 1622 2746 καὶ
1670 2680 1985 2767 τρυφεροί
2030 2684 2135 2746 καὶ
2182 2680 2573 2760 σαλάκωνες,
2619 2684 2933 2768 τρυφεροὶ
2978 2683 3092 2765 μὲν

769 2787 882 2853 διὰ
927 2785 1041 2872 τὴν
1086 2783 1339 2872 τρυφὴν
1382 2783 1493 2850 καὶ
1547 2784 1661 2869 τὴν
1709 2782 1982 2862 ἔνδειξιν
2041 2785 2155 2868 τῆς
2213 2778 2661 2866 εὐδαιμονίας,
2725 2783 3094 2863 σαλάκωνες

768 2889 841 2956 δὲ
895 2888 1004 2954 καὶ
1063 2887 1360 2953 σόλοικοι
1420 2884 1531 2951 διὰ
1589 2883 1666 2950 τό
1721 2884 1979 2963 πάντας
2037 2884 2351 2951 εἰωθέναι
2406 2886 2764 2967 διατρίβειν
2823 2889 2979 2970 περὶ
3021 2887 3094 2950 τὸ

766 2990 1087 3074 ἐρώμενον
1132 2988 1239 3055 καὶ
1285 2986 1787 3070 θαυμαζόμενον
1831 2982 1941 3051 ὑπ’
1993 2980 2225 3065 αὐτῶν,
2274 2989 2376 3051 καὶ
2424 2990 2517 3072 τῷ
2564 2988 2837 3054 οἴεσθαι
2870 2989 3092 3073 ζηλοῦν

763 3091 916 3169 τοὺς
963 3089 1200 3168 ἄλλους
1246 3088 1287 3155 ἃ
1333 3092 1435 3155 καὶ
1485 3084 1692 3168 αὐτοί,
1741 3091 1851 3156 ubi
1893 3092 2185 3158 soloecus
2216 3090 2445 3155 dicitur
2484 3090 2542 3155 is
2571 3091 2679 3173 qui
2720 3091 3097 3175 locupletior

762 3197 1217 3277 honestiorque
1272 3194 1479 3259 videri
1533 3193 1709 3277 cupit
1766 3214 1956 3276 quam
2000 3199 2116 3258 est.
2202 3193 2380 3258 Haec
2437 3199 2650 3257 autem
2709 3194 3094 3272 σολοικίζειν

765 3307 828 3366 et
874 3296 1175 3361 σόλοικον
1220 3295 1581 3361 Aristotelis
1625 3295 1787 3360 nihil
1830 3296 2073 3360 habent
2115 3314 2450 3360 commune
2509 3315 2650 3359 cum
2706 3297 3096 3363 soloecismis

762 3399 1186 3483 Protagoreis.

932 3505 1349 3568 Revertamur
1390 3499 1581 3581 igitur
1622 3498 1707 3562 ad
1753 3499 2163 3564 soloecismos
2207 3497 2606 3582 sophisticos.
2693 3499 2877 3565 Hanc
2927 3501 3096 3566 enim

768 3604 1121 3669 doctrinam
1163 3602 1543 3683 Protagoras
1597 3600 1853 3666 videtur
1909 3599 2252 3666 tradidisse
2306 3600 2375 3664 in
2425 3599 2769 3685 Orthocpia
2810 3623 2956 3684 sua,
3016 3603 3098 3669 de

766 3727 891 3789 qua
932 3704 1083 3771 vide
1126 3703 1208 3767 L.
1257 3702 1651 3786 Spengelium
1694 3707 1925 3785 Συναγ.
1973 3704 2210 3783 τεχνῶν
2255 3722 2318 3786 p.
2364 3706 2464 3765 44.
2525 3701 2645 3778 (Cf.
2699 3703 2796 3765 Io.
2849 3703 3095 3768 Classen

765 3810 849 3873 de
892 3805 1346 3890 grammaticae
1387 3824 1595 3887 graec.
1643 3805 1826 3888 prim.
1884 3826 1948 3888 p.
1995 3807 2120 3877 28.)
2208 3803 2414 3883 Quam
2455 3805 2674 3870 nescio
2727 3826 2813 3870 an
2868 3808 3098 3873 rectius

764 3908 998 3975 dixerit
1026 3907 1413 3972 Themistius
1458 3911 1570 3985 (or.
1603 3908 1686 3983 4.)
1734 3899 2334 3989 ὀρθορρημοσύνην,
2382 3906 2507 3972 nisi
2549 3907 2710 3973 haec
2751 3907 2837 3972 ad
2880 3909 3100 3973 Prodi-

765 4032 908 4078 cum
949 4010 1219 4075 fortasse
1263 4009 1583 4092 pertinent
1628 4015 1711 4089 (v.
1758 4010 1999 4075 Prantl.
2045 4008 2263 4075 histor.
2308 4010 2437 4090 log.
2482 4010 2533 4091 Ι,
2578 4030 2641 4092 p.
2693 4010 2815 4085 14.)
2880 4011 2960 4075 In
3004 4031 3096 4075 or·

904 4250 935 4311 ι)
974 4246 1178 4298 Scholia
1212 4245 1276 4296 ad
1312 4246 1534 4311 Sophist.
1584 4247 1774 4297 elench.
1824 4262 1873 4311 p.
1909 4248 2008 4299 319
2032 4243 2073 4295 b.
2132 4245 2365 4296 Brandis.
2412 4252 2800 4311 composuerunt
2846 4250 2940 4301 hoc
2983 4267 3098 4303 cum

762 4333 1137 4399 significatione
1172 4331 1580 4382 soloecismorum
1614 4332 2045 4395 Protagoreorum.
