3499 5219
1181 454 1313 460 -—-
1402 421 1524 483 223
1616 449 1744 455 ffi—

286 591 631 673 praecipue
686 589 753 652 in
811 588 932 652 hac
981 587 1126 671 ipsa
1181 594 1364 672 parte
1420 587 1625 654 codex
1678 589 2064 672 archetypus
2109 588 2267 653 vitia
2322 587 2638 670 quaedam

289 692 687 757 contraxisse
730 691 1384 774 interpolationesque
1426 689 1591 756 adeo
1632 711 1975 776 perpessus
2019 709 2179 756 esse.
2281 690 2640 757 Histriones

286 794 450 858 talia
520 813 711 862 ausos
781 792 978 859 fuisse
1049 793 1117 858 in
1190 792 1536 874 tragoediis
1606 794 1854 875 graecis
1918 793 2159 860 dudum
2225 799 2641 876 perspexerat

287 895 801 960 Valckenaerius
843 894 930 959 ad
974 895 1191 978 Eurip.
1234 895 1437 962 Phon.
1482 914 1544 959 v.
1581 898 1763 976 1286,
1810 895 1912 960 cui
1953 895 2280 960 luculenta
2321 894 2639 976 quaedam

288 999 592 1080 exempla
648 1017 728 1062 ex
785 997 941 1080 ipsis
998 996 1277 1078 antiquis
1328 995 1588 1062 scholiis
1643 998 1847 1081 petita
1901 1017 2105 1081 nuper
2147 997 2398 1061 addidit
2444 995 2513 1062 G.
2560 996 2636 1062 Gr.

291 1098 573 1165 Cobetus
618 1098 824 1162 Novv.
880 1099 1051 1163 lectt.
1097 1099 1184 1163 ΙΙ.
1242 1120 1305 1182 p.
1354 1101 1496 1163 297.
1583 1098 1936 1165 Videamus
1990 1099 2181 1182 igitur
2230 1119 2316 1163 an
2371 1098 2641 1181 singulis

217 1198 230 1207 '
287 1202 360 1266 in
401 1201 562 1266 locis
607 1200 795 1265 huius
841 1200 1113 1265 diverbii
1156 1200 1492 1283 Sophoclis
1547 1219 1807 1265 manum
1861 1203 2192 1267 restituere
2247 1200 2434 1266 nobis
2497 1219 2641 1265 con-

289 1304 519 1386 tingat.
619 1301 714 1367 Ac
772 1301 975 1385 primo
1035 1302 1249 1368 statim
1308 1322 1498 1367 versu
1569 1303 1786 1367 mirari
1845 1303 2015 1380 subit
2073 1302 2242 1385 quod
2301 1303 2639 1368 lectionem

289 1426 514 1470 veram
575 1423 764 1486 quam
822 1405 995 1469 solus
1052 1404 1305 1470 videtur
1358 1404 1736 1470 Aristoteles
1794 1425 2210 1471 conservasse
2265 1423 2639 1469 commemo-

289 1527 435 1572 rare
508 1506 1049 1589 praetermiserint
1122 1526 1343 1572 omnes
1416 1505 1691 1572 editores
1762 1514 2018 1589 praeter
2084 1507 2159 1572 Gr.
2219 1505 2637 1572 Dindorfium.

290 1608 724 1691 Philosophus
770 1608 939 1674 enim
984 1608 1170 1673 Rhet.
1216 1608 1336 1688 ΙΙΙ,
1390 1612 1486 1671 14.
1532 1609 1654 1674 sic:
1704 1607 1951 1684 πάντες
1993 1606 2115 1690 γάρ
2160 1601 2201 1691 ἢ
2249 1605 2640 1689 διαβάλλου-

294 1732 402 1775 σιν
447 1703 490 1794 ἢ
535 1708 788 1794 φόβους
833 1702 1242 1773 ἀπολύονται
1286 1707 1354 1774 ἑν
1398 1712 1542 1785 τοῖς
1584 1717 2004 1791 προοιμίοις·

731 1857 905 1937 ἄναξ,
953 1861 1073 1942 ἐρῶ
1114 1861 1227 1939 μὲν
1277 1857 1388 1941 οὐχ
1434 1856 1601 1934 ὅπως
1647 1864 1923 1944 σπουδῆς
1962 1858 2082 1923 ὕπο
2133 1900 2206 1910 —

733 1946 798 2009 τί
837 1942 1201 2031 φροιμιάζῃς
1245 1982 1325 1993 -
2131 1968 2137 1973 ·

294 2117 606 2200 Σπουδῆς
651 2119 821 2184 enim
862 2116 1033 2200 quod
1062 2120 1250 2184 unice
1278 2138 1499 2186 verum
1531 2125 1646 2199 est,
1692 2139 1824 2184 non
1867 2115 2120 2197 τάχους,
2167 2120 2404 2202 legisse
2448 2120 2641 2185 etiam

300 2222 708 2288 scholiastam
767 2227 1037 2303 apparet
1093 2239 1175 2287 ex
1218 2221 1433 2287 verbis
1477 2221 1640 2287 eius:
1702 2215 1778 2284 οὐ
1836 2222 2035 2284 τοῦτο
2093 2223 2256 2302 λέγω
2315 2217 2420 2286 ὅτι
2475 2205 2641 2302 μετα

300 2323 597 2405 σπουδῆς
642 2315 1040 2402 ἀσθμαίνων
1083 2320 1256 2402 πρὸς
1295 2320 1372 2387 οὲ
1401 2321 1795 2403 πορεύομαι.
1861 2322 2171 2404 Σπουδῆς
2213 2330 2426 2390 autem
2470 2319 2641 2390 recte

294 2427 494 2492 habet
535 2432 876 2509 propterea
919 2423 1091 2507 quod
1116 2420 1330 2504 ντάχος
1373 2433 1471 2490 est
1513 2425 1838 2506 celeritaS,
1898 2445 2024 2508 qua
2076 2445 2146 2490 se
2184 2446 2372 2491 usum
2416 2433 2642 2510 postea

294 2529 435 2613 ipse
494 2527 656 2591 dixit
711 2527 982 2592 nuncius
1039 2525 1154 2592 sed
1210 2526 1303 2591 ita
1356 2534 1573 2593 tamen
1628 2548 1814 2593 usum
1867 2534 1938 2593 ut
1992 2528 2196 2612 primo
2254 2528 2508 2612 quidem
2571 2546 2642 2593 se

295 2631 634 2697 festinasse
681 2629 946 2711 diceret,
1003 2651 1153 2694 mox
1207 2637 1424 2695 tamen
1477 2631 1570 2697 rei
1613 2631 1898 2714 periculo
1941 2632 2293 2714 pensitato,
2348 2639 2515 2699 retro
2571 2649 2643 2696 se

297 2739 699 2798 converteret
755 2732 980 2797 eadem
1030 2731 1469 2806 festinatione3
1524 2732 1696 2814 quod
1749 2753 1942 2816 quum
1999 2733 2337 2816 aliquoties
2388 2733 2644 2799 fecisset

294 2855 451 2901 vere
504 2842 730 2918 postea
788 2834 999 2899 dicere
1056 2841 1308 2916 poterat
1363 2855 1434 2899 se
1492 2827 1675 2908 ὁδοῖς
1727 2832 2087 2898 κυκλοῦντα
2140 2834 2355 2900 fuisse.
2442 2835 2645 2916 Igitur

295 2958 428 3002 non
475 2937 674 3002 defuit
722 2938 782 3002 ei
840 2937 1127 2998 celeritas
1184 2936 1251 3000 in
1311 2935 1703 3001 conficienda
1760 2937 1926 3001 ultro
1986 2937 2270 3020 citroque
2325 2938 2461 3018 via,
2525 2935 2642 3001 sed

297 3039 500 3105 defuit
541 3039 809 3101 studium
856 3034 1163 3121 (σπουδή)
1210 3058 1335 3121 quo
1378 3038 1615 3102 factum
1660 3044 1759 3104 est
1802 3044 1871 3102 ut
1908 3045 2134 3121 postea
2162 3038 2362 3103 dicat:
2406 3034 2640 3121 ἤνυτον

299 3140 549 3224 σχολῇ
623 3137 866 3220 ταχύς
935 3159 1098 3223 quae
1166 3139 1517 3206 certissima
1578 3140 1769 3205 lectio
1838 3146 1936 3206 est
1998 3161 2040 3205 a
2096 3141 2443 3206 scholiasta
2495 3160 2642 3206 con·

299 3250 555 3310 servata
609 3262 800 3325 quam
851 3242 1045 3307 miror
1099 3242 1381 3325 potuisse
1452 3242 1801 3324 retorqueri
1871 3242 1939 3306 in
2011 3241 2249 3308 codicis
2301 3243 2641 3308 lectionem

300 3344 498 3431 σχολῇ
572 3332 897 3427 βραδύς.
1001 3342 1294 3410 Ceterum
1363 3364 1444 3409 ex
1509 3344 1872 3410 Aristotelis
1937 3343 2152 3410 verbis
2216 3364 2381 3427 quae
2448 3364 2642 3429 supra

296 3448 483 3531 posui
552 3446 708 3512 satis
781 3452 1051 3531 apparet
1115 3447 1241 3511 duo
1306 3446 1771 3530 prooemiorum
1842 3465 2083 3527 genera
2149 3447 2431 3514 voluisse
2501 3467 2643 3530 pro-

297 3550 461 3616 ferre
529 3549 1013 3632 philosophum,
1087 3550 1359 3614 alterum
1431 3569 1555 3630 quo
1628 3545 2098 3628 διαβάλλουσιν
2170 3549 2641 3632 tragoediarum

299 3670 647 3735 personae,
693 3652 964 3717 alterum
1009 3670 1131 3733 quo
1178 3646 1429 3733 φόβους
1474 3642 1900 3713 ἀπολύονται.
1991 3650 2096 3716 Ad
2139 3652 2408 3717 alterum
2450 3650 2643 3733 igitur

299 3773 503 3837 genus
545 3753 866 3837 pertinere
908 3752 1111 3818 voluit
1152 3752 1315 3817 illud
1358 3751 1783 3835 prooemium,
1847 3772 1969 3835 quo
2024 3753 2293 3819 nuncius
2336 3753 2533 3818 utitur
2572 3752 2641 3817 in

299 3856 627 3938 Antigona
641 3903 659 3937 ‚
725 3854 812 3920 ad
868 3856 1138 3921 alterum
1195 3853 1376 3919 aliud
1432 3854 1828 3936 prooemium
1884 3855 2056 3938 quod
2111 3854 2334 3938 primis
2391 3861 2641 3923 tantum

301 3957 514 4023 verbis
558 3956 916 4040 significare
958 3957 1218 4040 sategit:
1264 3960 1330 4020 τί
1376 3953 1755 4039 φροιμιάζῃ.
1845 3957 2055 4041 Atque
2098 3958 2220 4024 hoc
2262 3957 2402 4023 sine
2448 3955 2641 4022 dubio

300 4059 579 4144 pertinet
621 4059 706 4124 ad
750 4059 1075 4144 Euripidis
1117 4059 1328 4143 Iphig.
1375 4060 1568 4125 Taur.
1620 4063 1802 4124 1162.
1848 4079 1971 4144 quo
2015 4060 2232 4125 Thoas
2261 4058 2641 4143 Iphigeniae

300 4161 780 4244 tergiversantis
823 4161 1213 4245 prooemium
1256 4160 1349 4228 sic
1389 4162 1795 4244 interrumpit
1836 4160 2276 4244 impatienter:
2333 4155 2402 4224 τί
2445 4180 2641 4242 φροι-

301 4260 498 4348 μιάζῃ
576 4260 880 4344 νεοχμόν,·
970 4258 1207 4339 ἐξαύδα
1288 4265 1540 4348 σαφῶς.
1651 4263 1958 4329 Videmus
2028 4262 2220 4346 igitur
2290 4262 2640 4345 Bergkium

303 4383 554 4433 errasse
603 4385 793 4447 quum
835 4365 905 4431 in
947 4365 1275 4447 Antigona
1315 4386 1377 4430 v,
1425 4369 1568 4430 241.
1629 4385 1710 4431 ex
1753 4365 2098 4433 Aristotele
2153 4359 2223 4429 τί
2278 4359 2636 4448 φροιμιάζῃ
