3499 5219
1671 359 2196 423 —25—

754 526 1124 597 fortitudine
1166 528 1356 611 igitur
1397 527 1647 611 Stigelii
1690 526 1981 592 dubitare
2024 547 2154 592 non
2196 526 2443 611 licebit3
2487 528 2608 593 hoc
2650 528 2958 605 incertum
3002 534 3100 599 est

757 651 844 697 an
895 630 1036 714 ipse
1089 630 1408 696 Fincelius
1462 630 1730 694 alterum
1775 629 2134 713 Hispanum
2192 628 2603 712 strictumque
2662 629 2913 713 Stigelii
2965 631 3100 713 gla-

761 730 935 799 dium
979 730 1060 797 (16
1100 752 1217 799 suo
1261 731 1538 814 benigne
1581 730 1921 797 addiderit.

1012 970 1186 1044 IIII.
1280 971 1385 1044 Io.
1444 968 1793 1065 Stigelius
1844 972 2216 1067 professor
2266 971 2838 1064 Vitebergensis.

930 1139 1230 1223 Stigelius
1273 1147 1611 1225 postquam
1652 1141 2009 1207 Ratisbona
2061 1140 2340 1206 redierat
2382 1138 2794 1223 Vitebergam
2835 1139 3102 1205 Ambro-

759 1243 839 1310 sii
882 1243 1145 1309 Berndii
1160 1291 1178 1325 ,
1253 1243 1360 1325 qui
1403 1243 1687 1309 Terentii
1745 1242 2110 1308 comoedias
2164 1242 2464 1308 studiosis
2518 1244 2872 1308 litterarum
2927 1242 3100 1307 Vite-

758 1345 1177 1429 bergensibus
1221 1353 1634 1412 enarraverat
1647 1394 1663 1427 ,
1708 1345 2104 1429 provinciam
2148 1345 2599 1429 (professuram
2643 1345 3109 1410 Terentianam.

756 1446 1083 1525 dicebant)
1125 1448 1302 1531 apud
1342 1449 1700 1514 Iohannem
1742 1447 2136 1513 Fridericum
2178 1448 2538 1513 Electorem
2580 1448 2884 1512 ambibat.
2969 1445 3101 1513 Sed

757 1552 993 1619 multos
1063 1556 1199 1615 tum
1269 1550 1495 1616 habuit
1554 1549 1731 1634 apud
1786 1549 2281 1632 Vitebergenses
2352 1550 2806 1615 obtrectatores
2877 1569 3100 1616 recens

757 1659 1009 1718 creatus
1048 1659 1242 1737 poeta
1284 1653 1638 1735 laureatus,
1704 1653 2042 1735 ipsumque
2093 1652 2258 1718 adeo
2303 1652 2493 1735 Greg.
2538 1653 2898 1718 Pontanum
2955 1672 3102 1716 can-

756 1755 1117 1838 cellarium,
1188 1754 1480 1838 inprimis
1536 1760 1799 1838 propter
1854 1754 2198 1819 amicitiam
2251 1754 2381 1818 iam
2437 1754 2591 1819 olim
2645 1775 2787 1820 cum
2841 1754 3101 1821 Simone

756 1857 1025 1923 Lemnio
1113 1855 1516 1938 (Lemchen),
1603 1856 1937 1939 ingenioso
2021 1863 2213 1941 poeta
2227 1904 2245 1938 ,
2331 1863 2722 1922 contractam
2737 1904 2754 1939 ,
2842 1855 2951 1938 qui
3019 1855 3097 1920 A.

758 1958 1250 2024 MDXXXVIII
1291 1959 1375 2022 ab
1404 1959 1822 2024 universitate
1851 1959 2296 2041 Vitebergensi
2325 1961 2647 2042 relegatus
2678 1965 2816 2025 erat
2842 1964 3102 2042 propter

758 2061 1276 2127 maledicentiam
1319 2061 1654 2143 poeticam,
1710 2081 1876 2144 quae
1917 2080 2001 2126 ne
2044 2060 2323 2126 Luthero
2368 2061 2626 2144 quidem
2669 2066 3043 2144 pepercerat
3057 2061 3098 2136 ¹)

761 2163 840 2241 (is
882 2162 1230 2239 vehemens
1272 2183 1679 2247 programma
1723 2163 1805 2228 de
1847 2163 1971 2228 hac
2014 2183 2083 2228 re
2127 2162 2357 2246 edidit,
2425 2184 2485 2227 v.
2530 2163 2863 2228 Wimmeri
2902 2163 3101 2227 vitam

760 2264 1038 2330 Pontani
1079 2286 1142 2349 p.
1189 2266 1358 2341 204.)
1375 2313 1392 2346 ,
1440 2271 1502 2329 et
1543 2265 1612 2330 in
1655 2265 1929 2331 ecclesia
1972 2265 2136 2330 adeo
2180 2264 2699 2348 promulgavit,²)
2770 2264 2923 2328 dum
2967 2265 3102 2329 lau-

758 2366 940 2433 davit
967 2366 1303 2449 Stigelium
1333 2373 1397 2433 et
1425 2367 1755 2432 Sabinum.
1815 2366 2002 2431 Hanc
2030 2387 2171 2432 cum
2199 2367 2466 2432 Lemnio
2499 2367 2864 2448 amicitiam,
2910 2387 3102 2450 quam

759 2488 903 2534 cum
945 2468 1212 2551 Stigelio
1257 2469 1541 2534 coluerat
1585 2469 1779 2535 etiam
1823 2469 1900 2534 G.
1946 2468 2251 2550 Sabinus,
2299 2489 2429 2533 non
2472 2468 2661 2552 pauci
2700 2468 2952 2534 fuerunt
2995 2469 3104 2551 qui

760 2570 916 2636 vitio
972 2577 1293 2640 verterent
1349 2569 1651 2654 Stigelio,
1723 2590 2089 2654 quanquam
2142 2570 2200 2637 is
2256 2570 2483 2637 eodem
2540 2591 2712 2638 anno
2761 2591 2885 2654 quo
2929 2571 3103 2637 edita

638 2695 641 2698 ·
760 2679 910 2738 sunt
937 2672 1061 2737 ista
1089 2671 1369 2756 „xenia“
1398 2673 1887 2756 Vitebergensia
1915 2673 2251 2738 Lemnium
2280 2674 2537 2758 publice
2563 2674 3102 2757 vituperaverat.³)

761 2780 840 2844 In
883 2776 1109 2843 litteris
1152 2775 1345 2859 igitur
1388 2765 1771 2858 quibusdam
1817 2776 2006 2858 Greg.
2037 2776 2313 2841 Pontani
2357 2775 2444 2841 ad
2471 2776 2830 2842 Electorem
2874 2776 3042 2842 datis
3056 2778 3100 2854 ⁴)

760 2878 1019 2945 invenio
1077 2878 1271 2960 haec,
1347 2896 1513 2960 quae
1568 2897 1644 2944 eo
1701 2897 1994 2944 sermone
2067 2899 2189 2961 quo
2262 2879 2500 2962 scripta
2571 2887 2749 2960 sunt,
2822 2880 3103 2946 inserere

760 2983 1034 3048 iuvabit:
1080 2982 1227 3063 „Da
1257 2981 1436 3045 solch
1465 2981 1886 3063 Poetenvolk,
1918 2983 2018 3046 als
2048 2981 2290 3064 Stiegel
2320 2980 2421 3063 ist,
2460 2980 2843 3064 leichtfcrtig
2872 2981 3105 3047 redens

762 3083 896 3149 und
938 3079 1183 3166 lebens,
1227 3081 1325 3147 nit
1367 3082 1531 3148 dazu
1558 3082 1794 3166 dienet,
1839 3083 2109 3148 darumb
2140 3082 2402 3149 werden
2431 3084 2569 3148 Ew.
2602 3081 2814 3147 Churf.
2844 3083 3105 3166 gnaden

762 3183 1169 3268 genediglich
1212 3184 1595 3250 bedencken
1638 3184 1718 3250 ob
1764 3191 2051 3268 genannt
2078 3185 2325 3268 'Stiegel
2371 3184 2565 3249 darzu
2605 3206 2682 3249 zu
2724 3185 3102 3267 verordnen,

763 3287 940 3354 dann
982 3288 1248 3352 bekomt
1292 3307 1361 3351 61·
1401 3288 1611 3368 8161611
1655 3286 1928 3370 achzigk
1961 3286 2235 3352 Gulden.
2297 3287 2382 3353 So
2426 3286 2588 3352 wird
2624 3306 2693 3352 er
2723 3287 2839 3352 das
2870 3288 3104 3371 stipen-

765 3388 937 3454 dium
979 3410 1056 3453 zu
1101 3388 1332 3471 Gotha,
1376 3389 1655 3454 welches
1700 3409 1771 3454 er
1811 3389 2086 3455 bisshier
2127 3389 2388 3473 gehabt,
2436 3388 2631 3454 darzu
2673 3377 2837 3453 auch
2866 3389 3103 3454 wollen

761 3490 1084 3556 behalten.
1138 3494 1318 3555 1542.
1377 3491 1636 3574 Freitag
1663 3492 1831 3556 nach
1861 3491 2358 3558 Reminiscere.“
2414 3491 2846 3557 Nihilominus
2888 3499 3102 3559 tamen

897 3730 932 3791 ¹)
968 3729 1029 3778 V.
1067 3727 1254 3779 Camer.
1293 3727 1396 3778 vit.
1433 3726 1743 3780 Melanchth.
1794 3744 1837 3780 c.
1874 3730 1956 3780 54.
1991 3728 2149 3777 Edita
2196 3732 2315 3777 sunt
2364 3726 2727 3791 epigrammata
2776 3728 2934 3788 1538,
2993 3727 3103 3777 sine

762 3815 873 3865 loco
916 3814 1144 3863 indicato
1162 3851 1177 3876 ,
1230 3811 1547 3877 Vitebergae.
1619 3812 1784 3868 Quam
1832 3813 2100 3863 clementer
2145 3811 2205 3861 de
2240 3812 2455 3862 Lemnio
2492 3811 2705 3861 senserit
2739 3811 3102 3861 Melanohthon

763 3902 975 3965 apparet
1010 3914 1071 3947 ex
1106 3898 1321 3963 epistola
1357 3898 1573 3962 quadam
1623 3898 1688 3948 ad
1724 3897 1995 3962 Stigelium
2042 3895 2212 3961 (Corp.
2250 3896 2469 3947 Reform.
2505 3896 2565 3945 V.
2604 3913 2652 3962 p.
2692 3898 2826 3958 759.)
2965 3894 3004 3960 ²)
3040 3897 3104 3950 G.

764 3986 857 4036 Th.
894 3982 1118 4033 Strobel:
1173 3984 1315 4048 Neue
1350 3985 1596 4050 Beytrage
1642 4000 1732 4033 zur
1767 3983 2076 4043 Litteratur,
2130 3981 2397 4031 besonders
2443 3980 2528 4029 des
2564 3981 2922 4031 sechszehnten
2956 3981 3104 4031 Jahr-

762 4068 1005 4119 hunderts
1040 4067 1139 4134 ΠΙ,
1179 4070 1223 4117 1.
1260 4084 1309 4132 p.
1347 4070 1427 4119 44.
1564 4068 1601 4130 3)
1638 4068 1697 4119 Τ.
1733 4069 1774 4116 Ι.
1812 4067 1846 4115 f.
1882 4069 1981 4119 447
2018 4083 2063 4115 ν.
2101 4066 2242 4116 Idem
2276 4066 2399 4115 fecit
2423 4066 2675 4116 Iohannes
2698 4066 2871 4131 Gigas,
2907 4066 3102 4131 primns

761 4155 944 4203 Portae
977 4156 1159 4212 rector,
1199 4152 1288 4216 qui
1324 4153 1686 4217 epigrammata
1721 4153 1944 4202 innocua
1992 4151 2149 4210 (velut
2183 4151 2390 4213 „zahme
2425 4150 2680 4211 Xenien“)
2729 4151 2951 4217 scripsit.
3007 4151 3101 4215 (Of.

763 4238 938 4303 Stigel.
976 4237 1033 4289 Τ.
1071 4238 1167 4287 ΠΙ.
1204 4237 1240 4289 f.
1274 4239 1377 4300 45)
1513 4238 1553 4302 ⁴)
1589 4238 1651 4289 V.
1688 4239 1728 4287 I.
1767 4238 1937 4288 Ioach.
1975 4236 2215 4286 Mueller:
2268 4238 2549 4287 Eroffnetes
2596 4235 3004 4290 Staatscabinet.-
3030 4240 3102 4289 H.

761 4340 810 4388 p.
849 4325 968 4376 433.
1003 4326 1055 4372 et
1090 4320 1354 4372 Wimmeri
1388 4322 1494 4371 vita
1528 4323 1679 4388 Greg.
1715 4323 1938 4372 Pontani
1973 4338 2022 4387 p.
2065 4323 2177 4373 193.
