3499 5219
1889 373 2011 436 278
2140 407 2231 414 ——-

775 531 1318 622 σκαλαθυρμάτι’
1353 535 1537 618 ἅττα,
1571 541 1734 606 Ran.
1774 544 1912 604 173.
1946 532 2110 603 πόσ’
2141 535 2324 603 ἄττα.
2350 537 2610 604 Thesm.
2636 543 2778 604 429.
2812 535 3132 606 λακωνίκ’·

771 639 943 708 ἄττα
987 648 1053 709 et
1094 643 1186 709 sic
1228 641 1402 727 apud
1445 640 1893 726 Thucydidem
1936 641 1988 723 Ι,
2032 645 2169 706 113.
2215 631 2350 704 ἄλλ’
2400 637 2567 704 ἄττα
2595 646 2802 723 χωρία
2833 643 2941 721 (II.
2979 649 3112 710 100.

770 747 880 809 καὶ
928 740 1095 808 ἄλλα
1140 740 1306 808 ἅττα
1346 748 1613 826 χωρία),
1657 742 1834 827 apud
1876 742 2408 826 Xenophontem,
2464 742 2831 825 Platonem,
2881 745 3112 811 Aristo-

771 847 989 928 telem,
1037 853 1321 912 oratores
1364 846 1580 911 multis
1622 845 1803 910 locis.

942 948 1029 1012 11.
1061 947 1270 1032 Saepe
1298 947 1722 1032 praemittitur
1751 945 2168 1012 substantivis
2198 952 2262 1010 et
2290 944 2625 1011 adjectivis
2653 952 2724 1010 ut
2749 948 2923 1030 apud
2947 949 3111 1014 Plat.

769 1049 1013 1115 Phaed.
1058 1070 1121 1132 p.
1169 1052 1269 1114 81.
1316 1045 1484 1113 ἄττα
1528 1046 1968 1133 φαντάσματα
2011 1049 2095 1112 al.
2141 1066 2505 1129 quanquam
2562 1048 2766 1113 rarius
2818 1050 2940 1115 hoc
2982 1050 3115 1116 fieri

771 1153 940 1220 solet
1006 1171 1197 1233 quam
1258 1150 1442 1215 illud.
1530 1152 1631 1216 De
1693 1150 1819 1215 hac
1882 1148 2200 1233 positione
2262 1149 2354 1213 sic
2410 1149 2695 1214 Thomas
2748 1151 2833 1214 M.
2890 1172 2953 1235 p.
3020 1156 3112 1217 19.

773 1252 1067 1331 (Bitsch.)
1110 1250 1188 1315 τὸ
1236 1251 1306 1315 δὲ
1349 1246 1515 1315 ἅττα
1561 1248 1701 1316 ἀντὶ
1749 1254 1866 1314 τοῦ
1897 1250 2046 1314 τινά
2075 1248 2182 1315 καὶ
2215 1252 2609 1334 προηγεῖται
2637 1252 2753 1315 τοῦ
2794 1244 3115 1331 ὀνόματος

716 1429 721 1432 ,
779 1349 966 1431 ἅπαξ
1008 1351 1076 1418 ἐν
1118 1355 1213 1436 τῷ
1259 1346 1436 1434 αὐτῷ
1480 1351 1687 1436 κώλῳ,
1734 1352 1845 1416 καὶ
1892 1352 2124 1417 ἕπεται
2171 1345 2295 1426 ἀεί,
2328 1360 2719 1434 προηγεῖται
2752 1353 2822 1418 δὲ
2868 1348 2957 1431 ὥς
2989 1354 3116 1435 ἔχει

776 1453 854 1518 τὸ
899 1455 1017 1518 τοῦ
1065 1452 1430 1530 Πλάτωνος
1474 1451 1541 1519 ἐν
1586 1457 1677 1538 τῷ
1728 1456 2063 1518 Φαίδωνι·
2119 1441 2209 1535 ἧν
2251 1451 2399 1536 γὰρ
2447 1449 2534 1536 δή
2582 1449 2788 1519 ἅττα
2830 1456 3115 1522 τοιάδε

773 1562 861 1641 (p.
910 1561 1036 1633 60.)
1088 1553 1252 1620 ἅττα
1294 1592 1377 1602 ——-
1423 1558 1527 1621 καὶ
1575 1554 1743 1622 ἄλλα
1786 1557 1951 1621 Plat.
1994 1556 2183 1638 Apol.
2227 1575 2290 1638 p.
2337 1559 2438 1620 30.

945 1658 1065 1723 III.
1126 1659 1461 1723 Invenitur
1494 1659 1686 1724 etiam
1717 1658 1858 1724 sine
1886 1658 2020 1722 ullo
2049 1657 2310 1721 nomine
2339 1663 2565 1722 neutro
2595 1657 2818 1723 addito
2847 1665 2917 1724 ut
2944 1660 3115 1743 apud

769 1761 937 1826 Plat.
996 1761 1184 1826 Polit.
1231 1761 1281 1824 I.
1340 1780 1404 1843 p.
1449 1762 1594 1826 339.
1655 1762 1880 1824 ποιεῖν
1938 1754 2120 1824 ἄττα.
2211 1758 2287 1822 V.
2346 1779 2409 1842 p.
2457 1763 2600 1824 449.
2661 1757 2873 1843 ἔλεγεν
2933 1757 3113 1826 ἄττα.

769 1863 1040 1928 Theaet.
1092 1882 1156 1945 p.
1208 1866 1346 1926 145.
1390 1865 1789 1945 γεωμετρίας
1834 1856 2018 1937 ἄττα,
2064 1861 2445 1926 Damascius
2489 1881 2594 1944 ap.
2638 1861 2906 1927 Suidam
2953 1859 3113 1927 ἅττα

764 1967 901 2027 τῶν
946 1965 1330 2046 ποιητικῶν.

941 2064 1052 2129 IV.
1111 2066 1453 2131 Praeterea
1481 2072 1629 2130 sunt
1656 2065 2057 2149 grammatici
2099 2063 2360 2146 quidam
2404 2065 2513 2147 qui
2556 2064 2945 2148 superfluum
2974 2085 3111 2132 esse

765 2167 1039 2233 credant
1080 2168 1148 2232 in
1191 2166 1572 2249 quibusdam
1618 2164 2023 2232 dictionibus.
2109 2167 2215 2232 Sic
2255 2167 2707 2250 Harpocratio:
2755 2165 3012 2247 ἐνιαχοῦ
3044 2167 3112 2231 δὲ

767 2267 1087 2351 παρέλκει
1154 2268 1229 2332 ’τὸ
1288 2266 1471 2333 ἄττα.
1561 2269 1698 2347 Quo
1770 2269 2090 2352 pertinere
2160 2267 2378 2334 dicunt
2444 2268 2609 2334 illud
2664 2267 3111 2352 Aristophanis

763 2373 933 2437 Avv.
986 2376 1188 2453 1514„
1233 2356 1343 2436 ubi
1386 2391 1468 2437 ex
1508 2369 1890 2436 Prometheo
1935 2371 2028 2436 sic
2070 2371 2316 2454 quaerit
2357 2369 2825 2436 Pisthetaerus:
2884 2365 3105 2456 πηνίκ’

767 2466 918 2537 ἄττ’
970 2467 1313 2552 &mhi-ew,-
1358 2471 1462 2537 Ad
1492 2491 1679 2553 quem
1706 2472 1918 2536 locum
1949 2473 2325 2538 scholiastes
2355 2472 2518 2537 haec
2545 2479 2716 2538 recte
2746 2472 3110 2538 adnotavit:

765 2569 878 2639 ὅτι
924 2567 1038 2639 οὔκ
1084 2566 1346 2639 άττικὸν
1376 2571 1453 2637 τὸ
1484 2564 1708 2658 πηνίκ’
1745 2568 2074 2652 ἄπώλετο,
2109 2568 2264 2640 οὐδὲ
2295 2566 2587 2658 ἀρχαῖον,
2621 2566 2775 2640 οὐδὲ
2806 2567 3107 2658 ἀκριβῶν.

766 2676 914 2741 ἔστι
961 2675 1031 2739 δὲ
1077 2668 1224 2741 ἀντὶ
1267 2676 1383 2739 τοῦ
1430 2673 1597 2740 πότε
1644 2675 1826 2762 δῆτα.
1888 2673 2202 2760 παρέλκει
2230 2673 2353 2760 γὰρ
2385 2674 2461 2738 τὸ
2495 2672 2660 2739 ἅττα
2694 2679 2825 2753 νῦν,
2861 2671 3110 2760 ἀλόγως

763 2776 890 2863 γὰρ
936 2781 1200 2843 κεῖται.·
1255 2774 1406 2842 οὔτε
1448 2775 1569 2860 γὰρ
1615 2775 1692 2841 τὸ
1739 2775 1889 2842 τινά
1931 2783 2253 2860 σημαίνει,
2304 2773 2455 2841 οὔτε
2498 2776 2575 2841 τὸ
2623 2771 2834 2842 ὅτινα.
2924 2774 3107 2844 οὐδὲν

761 2879 889 2965 γὰρ
947 2878 1198 2945 τούτων
1259 2875 1526 2963 ἁρμόζει
1584 2880 1675 2963 τῷ
1734 2873 1995 2963 πηνίκα.
2085 2880 2235 2945 Alia
2304 2881 2603 2963 exempla
2656 2881 3107 2948 vocabulorum

761 2987 1012 3061 πηνίκα
1057 2990 1120 3049 et
1164 2978 1328 3047 ἄττα
1372 2983 1848 3048 coniunctorum
1893 2988 2040 3047 sunt
2081 2980 2259 3065 apud
2301 2982 2500 3056 schol.
2535 2982 2825 3048 Platonis
2867 3005 2930 3068 p.
2964 2988 3105 3049 371.

761 3082 979 3150 ἐνίοτε
1039 3082 1111 3149 δὲ
1167 3081 1235 3148 ἐκ
1302 3083 1419 3147 τοῦ
1478 3083 1795 3167 περιττοῦ
1853 3087 2317 3165 προστίθεται,
2389 3078 2478 3160 ὥς
2540 3081 2609 3148 ἐν
2664 3084 2757 3167 τῷ
2816 3090 3107 3167 Χείρωνι

764 3182 1182 3270 Φερεκράτης
1246 3189 1389 3261 τοῖς
1450 3184 1604 3249 δέκα
1642 3181 2013 3262 ταλάντοις
2068 3181 2236 3249 ἄλλα
2304 3187 2704 3268 προστιθεὶς
2760 3187 2884 3272 ἔφη
2945 3184 3110 3252 ἅττα

759 3285 1187 3371 πεντήκοντα.
1252 3280 1440 3352 οὐδὲν
1469 3283 1590 3370 γὰρ
1623 3292 1927 3371 σημαίνει
1957 3284 2254 3353 ἐνταῦθα
2281 3286 2358 3351 τὸ
2390 3285 2574 3352 ἄττα.
2628 3282 3108 3374 Ἐρατοσθένης

761 3391 842 3454 δέ
874 3411 1040 3475 φησι
1067 3389 1381 3470 χρονικῶς
1411 3380 1571 3452 αὐτὸ
1603 3386 2288 3471 παραλαμβάνεσθαι·
2319 3393 2548 3455 πυθοῦ
2577 3388 2850 3472 χελιδών
2880 3385 3102 3475 πηνίκ’

761 3490 934 3555 ἄττα
988 3496 1311 3575 φαίνεται.
1372 3490 1477 3553 καὶ
1526 3486 1763 3553 πάλιν·
1812 3483 2076 3574 ὁπηνίκ’
2128 3485 2293 3554 ἅτθ’
2342 3487 2528 3572 ὑμεῖς
2557 3486 2830 3558 κοπιᾶτ’
2882 3487 3107 3576 ὀρχού-

766 3615 971 3674 μενοι,
1007 3594 1089 3659 de
1118 3593 1346 3677 quibus
1376 3612 1436 3654 v.
1461 3592 1579 3655 Th.
1605 3592 1955 3676 Bergkium
1986 3593 2072 3658 ad
2100 3593 2422 3678 Aristoph.
2456 3596 2677 3679 fragm.
2708 3598 2777 3661 in
2802 3595 3107 3661 Meinekii

755 3695 989 3778 fragm.
1035 3702 1202 3778 poet.
1248 3715 1407 3760 com.
1453 3701 1566 3759 att.
1610 3695 1680 3759 P.
1726 3695 1824 3777 ΙΙ,
1874 3700 1930 3759 2.
1990 3716 2053 3778 p.
2104 3694 2286 3762 1'181.
2345 3703 2408 3762 et
2449 3698 2729 3763 Meinek.
2788 3698 2891 3763 ed.
2947 3718 3102 3762 com.

755 3796 1076 3863 minorem
1119 3798 1169 3862 Ι.
1228 3817 1292 3881 p.
1340 3802 1397 3861 5.
1451 3796 1559 3879 qui
1603 3803 1916 3879 utrunque
1959 3817 2212 3863 versum
2256 3805 2428 3863 recte
2470 3799 2689 3864 tribuit
2731 3799 3103 3865 Chionidae.

934 3898 1030 3963 Ac
1073 3899 1346 3982 primum
1405 3898 1661 3981 quidem
1719 3900 1774 3965 si
1829 3899 1970 3982 quis
2029 3898 2110 3966 de
2167 3900 2590 3983 originatione
2645 3909 2908 3983 quaerat
2963 3903 3105 3966 miri

755 3999 1159 4084 pronominis
1201 3999 1516 4067 indefiniti
1561 3996 1724 4065 ἄττα
1769 4002 1830 4067 ei
1872 4008 2022 4066 ante
2064 4003 2280 4067 omnia
2320 4002 2957 4070 animadvertendum
2989 4005 3105 4070 erit

756 4102 1109 4171 Homerum
1151 4103 1353 4168 semel
1396 4122 1511 4185 pro
1556 4122 1631 4169 eo
1674 4123 1861 4168 usum
1903 4103 2111 4170 videri
2150 4104 2354 4170 forma
2398 4102 2604 4169 diona:
2677 4127 2827 4170 nam
2871 4105 3100 4192 Odyss.

755 4204 949 4286 XIX,
1000 4206 1142 4270 218.
1190 4224 1360 4269 nunc
1403 4203 1661 4287 quidem
1705 4205 1938 4287 legitur
1982 4199 2173 4271 ὁποῖ’
2224 4205 2399 4271 ἄσσα
2444 4207 2535 4274 sic
2564 4208 2801 4274 dictum
2829 4216 2900 4274 ut
2927 4209 3102 4293 apud

755 4305 1090 4372 Cratinum
1134 4307 1210 4371 T.
1258 4306 1342 4389 Π,
1388 4327 1451 4390 p.
1504 4310 1600 4370 17.
1646 4307 1927 4375 Meinek.
1975 4301 2067 4372 οἷ’
2118 4305 2284 4373 ἄττα
2311 4306 2556 4391 βαΰζει.
2620 4309 2858 4377 Vereor
2885 4317 3103 4377 tamen
