<?xml version="1.0" encoding="UTF-8"?>
<!DOCTYPE html PUBLIC "-//W3C//DTD XHTML 1.0 Transitional//EN"
    "http://www.w3.org/TR/xhtml1/DTD/xhtml1-transitional.dtd">
<html xmlns="http://www.w3.org/1999/xhtml" xml:lang="en" lang="en">
 <head>
  <title>
</title>
<meta http-equiv="Content-Type" content="text/html;charset=utf-8" />
  <meta name='ocr-system' content='tesseract 3.04.00' />
  <meta name='ocr-capabilities' content='ocr_page ocr_carea ocr_par ocr_line ocrx_word'/>
</head>
<body>
  <div class='ocr_page' id='page_1' title='image "./opusculaacademi00goetgoog_0327.png"; bbox 0 0 3499 5219; ppageno 0'>
   <div class='ocr_carea' id='block_1_1' title="bbox 1313 356 1877 462">
    <p class='ocr_par' dir='ltr' id='par_1_1' title="bbox 1313 356 1877 462">
     <span class='ocr_line' id='line_1_1' title="bbox 1313 356 1877 462; baseline -0.007 1"><span class='ocrx_word' id='word_1_1' title='bbox 1313 356 1877 462; x_wconf 69' lang='lat'>——311—</span> 
     </span>
    </p>
   </div>
   <div class='ocr_carea' id='block_1_2' title="bbox 419 553 2770 3402">
    <p class='ocr_par' dir='ltr' id='par_1_2' title="bbox 419 553 2770 3402">
     <span class='ocr_line' id='line_1_2' title="bbox 423 553 2769 651; baseline 0.004 -25"><span class='ocrx_word' id='word_1_2' title='bbox 423 559 580 650; x_wconf 82' lang='grc' dir='ltr'><strong><em>μηνὶ</em></strong></span> <span class='ocrx_word' id='word_1_3' title='bbox 625 559 875 647; x_wconf 77' lang='grc' dir='ltr'><strong><em>ἑκάστῳ</em></strong></span> <span class='ocrx_word' id='word_1_4' title='bbox 919 553 1035 649; x_wconf 71' lang='grc' dir='ltr'><strong>τήν</strong></span> <span class='ocrx_word' id='word_1_5' title='bbox 1078 560 1271 647; x_wconf 82' lang='grc' dir='ltr'><strong><em>τιμὴν</em></strong></span> <span class='ocrx_word' id='word_1_6' title='bbox 1317 561 1447 644; x_wconf 79' lang='grc' dir='ltr'><strong><em>’ἕχει</em></strong></span> <span class='ocrx_word' id='word_1_7' title='bbox 1490 565 1592 648; x_wconf 83' lang='lat' dir='ltr'><strong>(V,</strong></span> <span class='ocrx_word' id='word_1_8' title='bbox 1628 570 1725 649; x_wconf 81' lang='lat'><strong>15,</strong></span> <span class='ocrx_word' id='word_1_9' title='bbox 1766 568 1883 650; x_wconf 82' lang='lat'><strong>6.);</strong></span> <span class='ocrx_word' id='word_1_10' title='bbox 1927 567 2036 649; x_wconf 89' lang='lat' dir='ltr'><strong>qui</strong></span> <span class='ocrx_word' id='word_1_11' title='bbox 2078 566 2328 634; x_wconf 90' lang='lat' dir='ltr'><strong>medius</strong></span> <span class='ocrx_word' id='word_1_12' title='bbox 2372 574 2488 651; x_wconf 84' lang='lat' dir='ltr'><strong>est,</strong></span> <span class='ocrx_word' id='word_1_13' title='bbox 2533 569 2769 636; x_wconf 85' lang='lat' dir='ltr'><strong>Arche·</strong></span> 
     </span>
     <span class='ocr_line' id='line_1_3' title="bbox 424 658 2769 752; baseline 0.003 -21"><span class='ocrx_word' id='word_1_14' title='bbox 424 668 586 749; x_wconf 84' lang='lat' dir='ltr'><strong>laus,</strong></span> <span class='ocrx_word' id='word_1_15' title='bbox 632 665 862 731; x_wconf 90' lang='lat' dir='ltr'><strong>dicitur</strong></span> <span class='ocrx_word' id='word_1_16' title='bbox 906 658 941 728; x_wconf 85' lang='grc' dir='ltr'><strong><em>ὅ</em></strong></span> <span class='ocrx_word' id='word_1_17' title='bbox 985 662 1331 747; x_wconf 81' lang='grc' dir='ltr'><strong><em>κράτιστος</em></strong></span> <span class='ocrx_word' id='word_1_18' title='bbox 1373 667 1442 732; x_wconf 92' lang='grc'><strong>111</strong></span> <span class='ocrx_word' id='word_1_19' title='bbox 1484 667 1899 752; x_wconf 66' lang='lat' dir='ltr'><strong>inscriptione</strong></span> <span class='ocrx_word' id='word_1_20' title='bbox 1940 668 2071 750; x_wconf 90' lang='grc' dir='ltr'>ΙΙΙ,</span> <span class='ocrx_word' id='word_1_21' title='bbox 2119 669 2659 752; x_wconf 78' lang='lat' dir='ltr'><strong>quemadmodum</strong></span> <span class='ocrx_word' id='word_1_22' title='bbox 2699 672 2769 738; x_wconf 92' lang='lat' dir='ltr'><strong>in</strong></span> 
     </span>
     <span class='ocr_line' id='line_1_4' title="bbox 422 767 2769 861; baseline 0.002 -27"><span class='ocrx_word' id='word_1_23' title='bbox 422 769 610 834; x_wconf 92' lang='lat' dir='ltr'><strong>titulo</strong></span> <span class='ocrx_word' id='word_1_24' title='bbox 655 767 847 833; x_wconf 88' lang='lat' dir='ltr'><strong>attico</strong></span> <span class='ocrx_word' id='word_1_25' title='bbox 894 767 987 842; x_wconf 83' lang='lat' dir='ltr'><strong>(O.</strong></span> <span class='ocrx_word' id='word_1_26' title='bbox 1033 768 1083 832; x_wconf 95' lang='grc' dir='ltr'><strong>Ι.</strong></span> <span class='ocrx_word' id='word_1_27' title='bbox 1109 769 1211 861; x_wconf 78' lang='grc' dir='ltr'><strong>Ν.</strong></span> <span class='ocrx_word' id='word_1_28' title='bbox 1260 772 1404 834; x_wconf 88' lang='grc'><strong>344.</strong></span> <span class='ocrx_word' id='word_1_29' title='bbox 1455 790 1518 853; x_wconf 87' lang='lat' dir='ltr'><strong>p.</strong></span> <span class='ocrx_word' id='word_1_30' title='bbox 1565 772 1735 849; x_wconf 84' lang='lat'>316.)</span> <span class='ocrx_word' id='word_1_31' title='bbox 1781 777 2354 837; x_wconf 75' lang='lat' dir='ltr'><strong>commemorantur</strong></span> <span class='ocrx_word' id='word_1_32' title='bbox 2396 770 2464 837; x_wconf 83' lang='grc' dir='ltr'><strong>οἱ</strong></span> <span class='ocrx_word' id='word_1_33' title='bbox 2505 772 2769 857; x_wconf 82' lang='grc' dir='ltr'><strong><em>πρῶτοι</em></strong></span> 
     </span>
     <span class='ocr_line' id='line_1_5' title="bbox 425 866 2768 956; baseline 0.003 -22"><span class='ocrx_word' id='word_1_34' title='bbox 425 866 743 955; x_wconf 74' lang='grc' dir='ltr'><strong><em>θεηκόλοι</em></strong></span> <span class='ocrx_word' id='word_1_35' title='bbox 756 919 772 947; x_wconf 89' lang='grc'>,</span> <span class='ocrx_word' id='word_1_36' title='bbox 831 876 1165 953; x_wconf 85' lang='lat' dir='ltr'><strong>praeterea</strong></span> <span class='ocrx_word' id='word_1_37' title='bbox 1218 877 1347 937; x_wconf 88' lang='lat' dir='ltr'><strong>tres</strong></span> <span class='ocrx_word' id='word_1_38' title='bbox 1404 870 1885 955; x_wconf 88' lang='lat' dir='ltr'><strong>caduceatores,</strong></span> <span class='ocrx_word' id='word_1_39' title='bbox 1951 871 2060 956; x_wconf 88' lang='lat' dir='ltr'><strong>qui</strong></span> <span class='ocrx_word' id='word_1_40' title='bbox 2113 871 2405 941; x_wconf 79' lang='lat' dir='ltr'><strong>inducias</strong></span> <span class='ocrx_word' id='word_1_41' title='bbox 2458 874 2768 941; x_wconf 86' lang='lat' dir='ltr'><strong>nunciant</strong></span> 
     </span>
     <span class='ocr_line' id='line_1_6' title="bbox 428 968 2768 1061; baseline 0.003 -26"><span class='ocrx_word' id='word_1_42' title='bbox 428 968 928 1056; x_wconf 80' lang='grc' dir='ltr'><strong>(σπονδοφόρι),</strong></span> <span class='ocrx_word' id='word_1_43' title='bbox 988 977 1172 1038; x_wconf 88' lang='lat' dir='ltr'><strong>vates</strong></span> <span class='ocrx_word' id='word_1_44' title='bbox 1231 968 1543 1053; x_wconf 62' lang='lat' dir='ltr'><strong>wdvvscg)</strong></span> <span class='ocrx_word' id='word_1_45' title='bbox 1597 973 1667 1038; x_wconf 92' lang='lat' dir='ltr'><strong>in</strong></span> <span class='ocrx_word' id='word_1_46' title='bbox 1722 973 1913 1061; x_wconf 89' lang='lat' dir='ltr'><strong>inscr.</strong></span> <span class='ocrx_word' id='word_1_47' title='bbox 1967 974 2055 1040; x_wconf 90' lang='lat' dir='ltr'><strong>II.</strong></span> <span class='ocrx_word' id='word_1_48' title='bbox 2110 979 2438 1058; x_wconf 83' lang='lat' dir='ltr'><strong>quattuor,</strong></span> <span class='ocrx_word' id='word_1_49' title='bbox 2500 995 2768 1059; x_wconf 89' lang='lat' dir='ltr'><strong>quorum</strong></span> 
     </span>
     <span class='ocr_line' id='line_1_7' title="bbox 424 1072 2767 1177; baseline 0.001 -37"><span class='ocrx_word' id='word_1_50' title='bbox 424 1074 553 1140; x_wconf 92' lang='lat' dir='ltr'><strong>duo</strong></span> <span class='ocrx_word' id='word_1_51' title='bbox 598 1080 746 1141; x_wconf 90' lang='lat' dir='ltr'><strong>sunt</strong></span> <span class='ocrx_word' id='word_1_52' title='bbox 790 1072 1158 1158; x_wconf 80' lang='lat' dir='ltr'><strong>Clytiadae‚</strong></span> <span class='ocrx_word' id='word_1_53' title='bbox 1218 1074 1344 1140; x_wconf 91' lang='lat' dir='ltr'><strong>duo</strong></span> <span class='ocrx_word' id='word_1_54' title='bbox 1389 1075 1708 1157; x_wconf 88' lang='lat' dir='ltr'><strong>Iamidae‚</strong></span> <span class='ocrx_word' id='word_1_55' title='bbox 1755 1095 1794 1141; x_wconf 93' lang='lat' dir='ltr'><strong>e</strong></span> <span class='ocrx_word' id='word_1_56' title='bbox 1838 1075 2086 1142; x_wconf 89' lang='lat' dir='ltr'><strong>duabus</strong></span> <span class='ocrx_word' id='word_1_57' title='bbox 2127 1076 2407 1160; x_wconf 88' lang='lat' dir='ltr'><strong>antiquis</strong></span> <span class='ocrx_word' id='word_1_58' title='bbox 2449 1076 2767 1177; x_wconf 67' lang='lat' dir='ltr'><strong>gentibus,</strong></span> 
     </span>
     <span class='ocr_line' id='line_1_8' title="bbox 424 1175 2768 1264; baseline 0.001 -22"><span class='ocrx_word' id='word_1_59' title='bbox 424 1197 593 1261; x_wconf 89' lang='lat' dir='ltr'><strong>quae</strong></span> <span class='ocrx_word' id='word_1_60' title='bbox 634 1177 756 1242; x_wconf 88' lang='lat' dir='ltr'><strong>hoc</strong></span> <span class='ocrx_word' id='word_1_61' title='bbox 799 1175 1003 1242; x_wconf 84' lang='lat' dir='ltr'><strong>officio</strong></span> <span class='ocrx_word' id='word_1_62' title='bbox 1047 1176 1503 1259; x_wconf 84' lang='lat' dir='ltr'><strong>fungebantur:</strong></span> <span class='ocrx_word' id='word_1_63' title='bbox 1547 1197 1609 1241; x_wconf 86' lang='lat' dir='ltr'><strong>v.</strong></span> <span class='ocrx_word' id='word_1_64' title='bbox 1640 1175 1945 1242; x_wconf 89' lang='lat' dir='ltr'><strong>Herodot.</strong></span> <span class='ocrx_word' id='word_1_65' title='bbox 1975 1176 2095 1259; x_wconf 86' lang='lat' dir='ltr'><strong>IX,</strong></span> <span class='ocrx_word' id='word_1_66' title='bbox 2143 1180 2243 1243; x_wconf 88' lang='lat'><strong>33.</strong></span> <span class='ocrx_word' id='word_1_67' title='bbox 2290 1178 2368 1261; x_wconf 87' lang='lat' dir='ltr'><strong>V,</strong></span> <span class='ocrx_word' id='word_1_68' title='bbox 2399 1183 2502 1244; x_wconf 90' lang='grc'><strong>44.</strong></span> <span class='ocrx_word' id='word_1_69' title='bbox 2551 1179 2768 1264; x_wconf 89' lang='lat' dir='ltr'><strong>Atqne</strong></span> 
     </span>
     <span class='ocr_line' id='line_1_9' title="bbox 424 1277 2769 1364; baseline 0.001 -20"><span class='ocrx_word' id='word_1_70' title='bbox 424 1279 599 1364; x_wconf 86' lang='lat' dir='ltr'><strong>prior</strong></span> <span class='ocrx_word' id='word_1_71' title='bbox 650 1279 764 1344; x_wconf 90' lang='lat' dir='ltr'><strong>ille</strong></span> <span class='ocrx_word' id='word_1_72' title='bbox 816 1278 995 1344; x_wconf 90' lang='lat' dir='ltr'><strong>locus</strong></span> <span class='ocrx_word' id='word_1_73' title='bbox 1037 1277 1347 1344; x_wconf 90' lang='lat' dir='ltr'><strong>Herodoti</strong></span> <span class='ocrx_word' id='word_1_74' title='bbox 1401 1299 1526 1361; x_wconf 91' lang='lat' dir='ltr'><strong>quo</strong></span> <span class='ocrx_word' id='word_1_75' title='bbox 1568 1279 1952 1344; x_wconf 83' lang='lat' dir='ltr'><strong>Tisamenus</strong></span> <span class='ocrx_word' id='word_1_76' title='bbox 1993 1278 2276 1345; x_wconf 91' lang='lat' dir='ltr'><strong>Iamides</strong></span> <span class='ocrx_word' id='word_1_77' title='bbox 2329 1279 2484 1346; x_wconf 89' lang='lat' dir='ltr'><strong>item</strong></span> <span class='ocrx_word' id='word_1_78' title='bbox 2540 1280 2769 1347; x_wconf 92' lang='lat' dir='ltr'><strong>dicitur</strong></span> 
     </span>
     <span class='ocr_line' id='line_1_10' title="bbox 426 1379 2768 1466; baseline 0 -19"><span class='ocrx_word' id='word_1_79' title='bbox 426 1380 758 1466; x_wconf 82' lang='lat' dir='ltr'><strong>Clytiades</strong></span> <span class='ocrx_word' id='word_1_80' title='bbox 800 1380 1019 1446; x_wconf 90' lang='lat' dir='ltr'><strong>mendi</strong></span> <span class='ocrx_word' id='word_1_81' title='bbox 1062 1387 1393 1464; x_wconf 88' lang='lat' dir='ltr'><strong>suspectus</strong></span> <span class='ocrx_word' id='word_1_82' title='bbox 1432 1381 1565 1445; x_wconf 92' lang='lat' dir='ltr'><strong>iam</strong></span> <span class='ocrx_word' id='word_1_83' title='bbox 1608 1381 1761 1445; x_wconf 90' lang='lat' dir='ltr'><strong>olim</strong></span> <span class='ocrx_word' id='word_1_84' title='bbox 1804 1379 1922 1445; x_wconf 86' lang='lat' dir='ltr'><strong>fuit</strong></span> <span class='ocrx_word' id='word_1_85' title='bbox 1969 1380 2402 1447; x_wconf 87' lang='lat' dir='ltr'><strong>Valckenario</strong></span> <span class='ocrx_word' id='word_1_86' title='bbox 2445 1380 2768 1449; x_wconf 86' lang='lat' dir='ltr'><strong>Boekhio-</strong></span> 
     </span>
     <span class='ocr_line' id='line_1_11' title="bbox 423 1480 2767 1567; baseline 0 -20"><span class='ocrx_word' id='word_1_87' title='bbox 423 1503 551 1567; x_wconf 89' lang='lat' dir='ltr'><strong>que</strong></span> <span class='ocrx_word' id='word_1_88' title='bbox 592 1482 678 1549; x_wconf 90' lang='lat' dir='ltr'><strong>ad</strong></span> <span class='ocrx_word' id='word_1_89' title='bbox 718 1482 980 1548; x_wconf 89' lang='lat' dir='ltr'><strong>Pindar.</strong></span> <span class='ocrx_word' id='word_1_90' title='bbox 1026 1480 1125 1549; x_wconf 86' lang='lat'><strong>01.</strong></span> <span class='ocrx_word' id='word_1_91' title='bbox 1181 1503 1244 1566; x_wconf 89' lang='lat' dir='ltr'><strong>p.</strong></span> <span class='ocrx_word' id='word_1_92' title='bbox 1295 1487 1467 1566; x_wconf 66' lang='lat'><strong>1523</strong></span> <span class='ocrx_word' id='word_1_93' title='bbox 1528 1489 1639 1547; x_wconf 90' lang='lat' dir='ltr'><strong>aut</strong></span> <span class='ocrx_word' id='word_1_94' title='bbox 1688 1481 2121 1548; x_wconf 91' lang='lat' dir='ltr'><strong>inducendum</strong></span> <span class='ocrx_word' id='word_1_95' title='bbox 2172 1481 2369 1566; x_wconf 83' lang='lat' dir='ltr'><strong>igitur</strong></span> <span class='ocrx_word' id='word_1_96' title='bbox 2411 1490 2551 1550; x_wconf 85' lang='lat' dir='ltr'><strong>erat</strong></span> <span class='ocrx_word' id='word_1_97' title='bbox 2589 1483 2767 1548; x_wconf 85' lang='grc' dir='ltr'><strong><em>Κλυ-</em></strong></span> 
     </span>
     <span class='ocr_line' id='line_1_12' title="bbox 424 1581 2770 1669; baseline 0 -19"><span class='ocrx_word' id='word_1_98' title='bbox 424 1582 656 1669; x_wconf 82' lang='grc' dir='ltr'><strong><em>τιάδην</em></strong></span> <span class='ocrx_word' id='word_1_99' title='bbox 701 1584 874 1669; x_wconf 85' lang='lat' dir='ltr'><strong>apud</strong></span> <span class='ocrx_word' id='word_1_100' title='bbox 917 1584 1312 1650; x_wconf 84' lang='lat' dir='ltr'><strong>Herodotum</strong></span> <span class='ocrx_word' id='word_1_101' title='bbox 1353 1591 1465 1649; x_wconf 87' lang='lat' dir='ltr'><strong>aut</strong></span> <span class='ocrx_word' id='word_1_102' title='bbox 1504 1583 1852 1667; x_wconf 83' lang='lat' dir='ltr'><strong>legendum</strong></span> <span class='ocrx_word' id='word_1_103' title='bbox 1894 1581 2306 1650; x_wconf 83' lang='grc' dir='ltr'><strong><em>πολυκλύτου</em></strong></span> <span class='ocrx_word' id='word_1_104' title='bbox 2363 1592 2433 1651; x_wconf 84' lang='lat' dir='ltr'><strong>ut</strong></span> <span class='ocrx_word' id='word_1_105' title='bbox 2473 1585 2770 1653; x_wconf 78' lang='lat' dir='ltr'><strong>Videatur</strong></span> 
     </span>
     <span class='ocr_line' id='line_1_13' title="bbox 421 1673 2767 1764; baseline 0 -13"><span class='ocrx_word' id='word_1_106' title='bbox 421 1686 492 1751; x_wconf 91' lang='lat' dir='ltr'><strong>in</strong></span> <span class='ocrx_word' id='word_1_107' title='bbox 548 1691 765 1751; x_wconf 91' lang='lat' dir='ltr'><strong>mente</strong></span> <span class='ocrx_word' id='word_1_108' title='bbox 811 1687 1113 1752; x_wconf 86' lang='lat' dir='ltr'><strong>habuisse</strong></span> <span class='ocrx_word' id='word_1_109' title='bbox 1154 1686 1355 1751; x_wconf 88' lang='lat' dir='ltr'><strong>verba</strong></span> <span class='ocrx_word' id='word_1_110' title='bbox 1396 1685 1661 1750; x_wconf 91' lang='lat' dir='ltr'><strong>Pindari</strong></span> <span class='ocrx_word' id='word_1_111' title='bbox 1704 1683 1831 1763; x_wconf 86' lang='lat' dir='ltr'><strong>(Ol.</strong></span> <span class='ocrx_word' id='word_1_112' title='bbox 1875 1685 2012 1764; x_wconf 90' lang='lat' dir='ltr'>VI.)</span> <span class='ocrx_word' id='word_1_113' title='bbox 2071 1683 2144 1764; x_wconf 75' lang='grc' dir='ltr'><strong>ἐξ</strong></span> <span class='ocrx_word' id='word_1_114' title='bbox 2197 1673 2276 1750; x_wconf 79' lang='grc' dir='ltr'><strong>οὗ</strong></span> <span class='ocrx_word' id='word_1_115' title='bbox 2334 1684 2767 1753; x_wconf 80' lang='grc' dir='ltr'><strong><em>πολύκλειτον</em></strong></span> 
     </span>
     <span class='ocr_line' id='line_1_14' title="bbox 423 1779 2770 1870; baseline 0.002 -19"><span class='ocrx_word' id='word_1_116' title='bbox 423 1780 589 1851; x_wconf 73' lang='grc' dir='ltr'><strong>καθ’</strong></span> <span class='ocrx_word' id='word_1_117' title='bbox 624 1782 943 1864; x_wconf 57' lang='grc' dir='ltr'><strong><em>(Ἕλλανας</em></strong></span> <span class='ocrx_word' id='word_1_118' title='bbox 985 1784 1171 1870; x_wconf 80' lang='grc' dir='ltr'><strong><em>γένος</em></strong></span> <span class='ocrx_word' id='word_1_119' title='bbox 1207 1779 1530 1868; x_wconf 83' lang='grc' dir='ltr'><strong><em>Ἰαμιδᾶν,·</em></strong></span> <span class='ocrx_word' id='word_1_120' title='bbox 1586 1806 1753 1870; x_wconf 87' lang='lat' dir='ltr'><strong>quae</strong></span> <span class='ocrx_word' id='word_1_121' title='bbox 1805 1787 2070 1853; x_wconf 86' lang='lat' dir='ltr'><strong>mutatio</strong></span> <span class='ocrx_word' id='word_1_122' title='bbox 2125 1809 2257 1854; x_wconf 87' lang='lat' dir='ltr'><strong>non</strong></span> <span class='ocrx_word' id='word_1_123' title='bbox 2307 1787 2472 1855; x_wconf 86' lang='lat' dir='ltr'><strong>adeo</strong></span> <span class='ocrx_word' id='word_1_124' title='bbox 2515 1788 2770 1856; x_wconf 82' lang='lat' dir='ltr'><strong>Videtur</strong></span> 
     </span>
     <span class='ocr_line' id='line_1_15' title="bbox 420 1888 2767 1976; baseline -0.001 -20"><span class='ocrx_word' id='word_1_125' title='bbox 420 1890 640 1957; x_wconf 83' lang='lat' dir='ltr'><strong>audax</strong></span> <span class='ocrx_word' id='word_1_126' title='bbox 669 1909 830 1973; x_wconf 80' lang='lat' dir='ltr'><strong>esse,</strong></span> <span class='ocrx_word' id='word_1_127' title='bbox 875 1889 931 1954; x_wconf 92' lang='lat' dir='ltr'><strong>si</strong></span> <span class='ocrx_word' id='word_1_128' title='bbox 972 1889 1338 1955; x_wconf 90' lang='lat' dir='ltr'><strong>memineris</strong></span> <span class='ocrx_word' id='word_1_129' title='bbox 1366 1889 1878 1955; x_wconf 85' lang='lat' dir='ltr'><strong>Sancroftianum</strong></span> <span class='ocrx_word' id='word_1_130' title='bbox 1922 1888 2207 1955; x_wconf 89' lang='lat' dir='ltr'><strong>codicem</strong></span> <span class='ocrx_word' id='word_1_131' title='bbox 2246 1909 2365 1972; x_wconf 90' lang='lat' dir='ltr'><strong>pro</strong></span> <span class='ocrx_word' id='word_1_132' title='bbox 2396 1888 2767 1976; x_wconf 78' lang='grc' dir='ltr'><strong><em>Κλυτιάδην</em></strong></span> 
     </span>
     <span class='ocr_line' id='line_1_16' title="bbox 422 1987 2768 2077; baseline 0.001 -21"><span class='ocrx_word' id='word_1_133' title='bbox 422 1992 734 2077; x_wconf 86' lang='lat' dir='ltr'><strong>praebere</strong></span> <span class='ocrx_word' id='word_1_134' title='bbox 766 1987 1158 2055; x_wconf 83' lang='grc' dir='ltr'><strong><em>Κλυτιάδου.</em></strong></span> <span class='ocrx_word' id='word_1_135' title='bbox 1233 1991 1464 2056; x_wconf 89' lang='lat' dir='ltr'><strong>Mirum</strong></span> <span class='ocrx_word' id='word_1_136' title='bbox 1509 1997 1606 2056; x_wconf 90' lang='lat' dir='ltr'><strong>est</strong></span> <span class='ocrx_word' id='word_1_137' title='bbox 1647 1998 1861 2056; x_wconf 87' lang='lat' dir='ltr'><strong>autem</strong></span> <span class='ocrx_word' id='word_1_138' title='bbox 1905 2010 1942 2057; x_wconf 93' lang='lat' dir='ltr'><strong>e</strong></span> <span class='ocrx_word' id='word_1_139' title='bbox 1984 1991 2176 2057; x_wconf 86' lang='lat' dir='ltr'><strong>tertia</strong></span> <span class='ocrx_word' id='word_1_140' title='bbox 2203 1992 2505 2058; x_wconf 88' lang='lat' dir='ltr'><strong>Eleorum</strong></span> <span class='ocrx_word' id='word_1_141' title='bbox 2547 1997 2768 2059; x_wconf 85' lang='lat' dir='ltr'><strong>vatum</strong></span> 
     </span>
     <span class='ocr_line' id='line_1_17' title="bbox 419 2091 2765 2178; baseline 0 -19"><span class='ocrx_word' id='word_1_142' title='bbox 419 2101 645 2178; x_wconf 86' lang='lat' dir='ltr'><strong>gente,</strong></span> <span class='ocrx_word' id='word_1_143' title='bbox 719 2091 1159 2158; x_wconf 87' lang='lat' dir='ltr'><strong>Telliadarum</strong></span> <span class='ocrx_word' id='word_1_144' title='bbox 1172 2139 1190 2175; x_wconf 90' lang='lat'><em>‚</em></span> <span class='ocrx_word' id='word_1_145' title='bbox 1263 2094 1510 2157; x_wconf 88' lang='lat' dir='ltr'><strong>nullum</strong></span> <span class='ocrx_word' id='word_1_146' title='bbox 1574 2092 1642 2156; x_wconf 92' lang='lat' dir='ltr'><strong>in</strong></span> <span class='ocrx_word' id='word_1_147' title='bbox 1707 2092 1909 2158; x_wconf 90' lang='lat' dir='ltr'><strong>titulis</strong></span> <span class='ocrx_word' id='word_1_148' title='bbox 1974 2092 2208 2158; x_wconf 90' lang='lat' dir='ltr'><strong>nostris</strong></span> <span class='ocrx_word' id='word_1_149' title='bbox 2266 2096 2765 2176; x_wconf 86' lang='lat' dir='ltr'><strong>commemorari,</strong></span> 
     </span>
     <span class='ocr_line' id='line_1_18' title="bbox 422 2193 2764 2281; baseline -0.001 -20"><span class='ocrx_word' id='word_1_150' title='bbox 422 2218 615 2281; x_wconf 89' lang='lat' dir='ltr'><strong>quum</strong></span> <span class='ocrx_word' id='word_1_151' title='bbox 671 2202 1198 2261; x_wconf 89' lang='lat' dir='ltr'><strong>commemoretur</strong></span> <span class='ocrx_word' id='word_1_152' title='bbox 1251 2214 1411 2277; x_wconf 84' lang='lat' dir='ltr'><strong>gens</strong></span> <span class='ocrx_word' id='word_1_153' title='bbox 1463 2215 1595 2259; x_wconf 90' lang='lat' dir='ltr'><strong>non</strong></span> <span class='ocrx_word' id='word_1_154' title='bbox 1650 2196 1857 2261; x_wconf 88' lang='lat' dir='ltr'><strong>solum</strong></span> <span class='ocrx_word' id='word_1_155' title='bbox 1913 2194 1995 2260; x_wconf 92' lang='lat' dir='ltr'><strong>ab</strong></span> <span class='ocrx_word' id='word_1_156' title='bbox 2052 2193 2377 2260; x_wconf 87' lang='lat' dir='ltr'><strong>Herodoto</strong></span> <span class='ocrx_word' id='word_1_157' title='bbox 2434 2195 2576 2278; x_wconf 85' lang='lat' dir='ltr'>(IX,</span> <span class='ocrx_word' id='word_1_158' title='bbox 2637 2198 2764 2272; x_wconf 85' lang='lat'><strong>37.)</strong></span> 
     </span>
     <span class='ocr_line' id='line_1_19' title="bbox 422 2295 2767 2380; baseline -0 -16"><span class='ocrx_word' id='word_1_159' title='bbox 422 2297 543 2364; x_wconf 85' lang='lat' dir='ltr'><strong>sed</strong></span> <span class='ocrx_word' id='word_1_160' title='bbox 586 2298 780 2363; x_wconf 87' lang='lat' dir='ltr'><strong>etiam</strong></span> <span class='ocrx_word' id='word_1_161' title='bbox 823 2318 864 2363; x_wconf 92' lang='lat' dir='ltr'><strong>a</strong></span> <span class='ocrx_word' id='word_1_162' title='bbox 906 2297 1292 2362; x_wconf 89' lang='lat' dir='ltr'><strong>Philostrato</strong></span> <span class='ocrx_word' id='word_1_163' title='bbox 1335 2296 1414 2361; x_wconf 90' lang='lat' dir='ltr'><strong>V.</strong></span> <span class='ocrx_word' id='word_1_164' title='bbox 1458 2296 1672 2379; x_wconf 89' lang='lat' dir='ltr'><strong>Apoll.</strong></span> <span class='ocrx_word' id='word_1_165' title='bbox 1718 2298 1794 2361; x_wconf 88' lang='grc' dir='ltr'><strong>Τ.</strong></span> <span class='ocrx_word' id='word_1_166' title='bbox 1841 2296 1917 2379; x_wconf 86' lang='lat' dir='ltr'><strong>V,</strong></span> <span class='ocrx_word' id='word_1_167' title='bbox 1965 2299 2067 2361; x_wconf 86' lang='lat'><strong>25.</strong></span> <span class='ocrx_word' id='word_1_168' title='bbox 2148 2295 2281 2363; x_wconf 84' lang='lat' dir='ltr'><strong>Sed</strong></span> <span class='ocrx_word' id='word_1_169' title='bbox 2322 2315 2515 2380; x_wconf 89' lang='lat' dir='ltr'><strong>quum</strong></span> <span class='ocrx_word' id='word_1_170' title='bbox 2557 2315 2767 2380; x_wconf 88' lang='lat' dir='ltr'><strong>neque</strong></span> 
     </span>
     <span class='ocr_line' id='line_1_20' title="bbox 423 2397 2768 2483; baseline -0.003 -17"><span class='ocrx_word' id='word_1_171' title='bbox 423 2400 646 2466; x_wconf 83' lang='lat' dir='ltr'><strong>Cicero</strong></span> <span class='ocrx_word' id='word_1_172' title='bbox 705 2399 788 2465; x_wconf 91' lang='lat' dir='ltr'><strong>de</strong></span> <span class='ocrx_word' id='word_1_173' title='bbox 844 2398 974 2464; x_wconf 78' lang='lat' dir='ltr'><strong>div,</strong></span> <span class='ocrx_word' id='word_1_174' title='bbox 1031 2398 1082 2481; x_wconf 96' lang='grc' dir='ltr'><strong>Ι,</strong></span> <span class='ocrx_word' id='word_1_175' title='bbox 1142 2401 1244 2462; x_wconf 92' lang='grc'><strong>41.</strong></span> <span class='ocrx_word' id='word_1_176' title='bbox 1309 2397 1446 2462; x_wconf 90' lang='lat' dir='ltr'><strong>eius</strong></span> <span class='ocrx_word' id='word_1_177' title='bbox 1502 2398 1712 2480; x_wconf 84' lang='lat' dir='ltr'><strong>gentis</strong></span> <span class='ocrx_word' id='word_1_178' title='bbox 1771 2398 2161 2465; x_wconf 91' lang='lat' dir='ltr'><strong>mentionem</strong></span> <span class='ocrx_word' id='word_1_179' title='bbox 2216 2397 2411 2463; x_wconf 87' lang='lat' dir='ltr'><strong>faciat</strong></span> <span class='ocrx_word' id='word_1_180' title='bbox 2467 2398 2768 2483; x_wconf 80' lang='lat' dir='ltr'><strong>(itemque</strong></span> 
     </span>
     <span class='ocr_line' id='line_1_21' title="bbox 422 2484 2767 2583; baseline -0 -20"><span class='ocrx_word' id='word_1_181' title='bbox 422 2501 567 2564; x_wconf 84' lang='lat' dir='ltr'><strong>Elis</strong></span> <span class='ocrx_word' id='word_1_182' title='bbox 628 2501 692 2562; x_wconf 85' lang='lat' dir='ltr'><strong>in</strong></span> <span class='ocrx_word' id='word_1_183' title='bbox 747 2484 1177 2583; x_wconf 77' lang='lat' dir='ltr'><strong>Peloponneso</strong></span> <span class='ocrx_word' id='word_1_184' title='bbox 1228 2498 1525 2582; x_wconf 76' lang='lat' dir='ltr'><strong>familias</strong></span> <span class='ocrx_word' id='word_1_185' title='bbox 1597 2499 1752 2562; x_wconf 83' lang='lat' dir='ltr'><strong>duas</strong></span> <span class='ocrx_word' id='word_1_186' title='bbox 1821 2509 2028 2562; x_wconf 84' lang='lat' dir='ltr'><strong>certas</strong></span> <span class='ocrx_word' id='word_1_187' title='bbox 2095 2497 2310 2577; x_wconf 77' lang='lat' dir='ltr'><strong>habet,</strong></span> <span class='ocrx_word' id='word_1_188' title='bbox 2381 2499 2767 2562; x_wconf 76' lang='lat' dir='ltr'><strong>Iamidarum</strong></span> 
     </span>
     <span class='ocr_line' id='line_1_22' title="bbox 422 2599 2765 2686; baseline -0.001 -20"><span class='ocrx_word' id='word_1_189' title='bbox 422 2624 624 2675; x_wconf 84' lang='lat' dir='ltr'><strong>unam,</strong></span> <span class='ocrx_word' id='word_1_190' title='bbox 680 2602 940 2665; x_wconf 77' lang='lat' dir='ltr'><strong>alteram</strong></span> <span class='ocrx_word' id='word_1_191' title='bbox 991 2599 1376 2686; x_wconf 76' lang='lat' dir='ltr'><strong>Clytidarum</strong></span> <span class='ocrx_word' id='word_1_192' title='bbox 1392 2603 1456 2679; x_wconf 91' lang='lat'><strong>¹),</strong></span> <span class='ocrx_word' id='word_1_193' title='bbox 1501 2600 1941 2686; x_wconf 77' lang='lat' dir='ltr'><strong>haruspicinae</strong></span> <span class='ocrx_word' id='word_1_194' title='bbox 1982 2600 2303 2665; x_wconf 77' lang='lat' dir='ltr'><strong>nobilitate</strong></span> <span class='ocrx_word' id='word_1_195' title='bbox 2340 2601 2765 2686; x_wconf 76' lang='lat' dir='ltr'><strong>praestantes)</strong></span> 
     </span>
     <span class='ocr_line' id='line_1_23' title="bbox 419 2702 2766 2788; baseline -0.001 -17"><span class='ocrx_word' id='word_1_196' title='bbox 419 2707 552 2771; x_wconf 90' lang='lat' dir='ltr'><strong>iam</strong></span> <span class='ocrx_word' id='word_1_197' title='bbox 597 2704 864 2771; x_wconf 83' lang='lat' dir='ltr'><strong>desiisse</strong></span> <span class='ocrx_word' id='word_1_198' title='bbox 907 2710 1018 2770; x_wconf 86' lang='lat' dir='ltr'><strong>aut</strong></span> <span class='ocrx_word' id='word_1_199' title='bbox 1056 2704 1262 2788; x_wconf 89' lang='lat' dir='ltr'><strong>ipsam</strong></span> <span class='ocrx_word' id='word_1_200' title='bbox 1306 2704 1614 2769; x_wconf 86' lang='lat' dir='ltr'><strong>familiam</strong></span> <span class='ocrx_word' id='word_1_201' title='bbox 1655 2710 1768 2769; x_wconf 90' lang='lat' dir='ltr'><strong>aut</strong></span> <span class='ocrx_word' id='word_1_202' title='bbox 1797 2705 1932 2770; x_wconf 91' lang='lat' dir='ltr'><strong>eius</strong></span> <span class='ocrx_word' id='word_1_203' title='bbox 1961 2702 2235 2770; x_wconf 89' lang='lat' dir='ltr'><strong>officium</strong></span> <span class='ocrx_word' id='word_1_204' title='bbox 2265 2710 2766 2770; x_wconf 89' lang='lat' dir='ltr'><strong>consentaneum</strong></span> 
     </span>
     <span class='ocr_line' id='line_1_24' title="bbox 421 2803 2764 2890; baseline -0.003 -15"><span class='ocrx_word' id='word_1_205' title='bbox 421 2827 565 2875; x_wconf 90' lang='lat' dir='ltr'><strong>esse</strong></span> <span class='ocrx_word' id='word_1_206' title='bbox 619 2806 889 2872; x_wconf 87' lang='lat' dir='ltr'><strong>videtur.</strong></span> <span class='ocrx_word' id='word_1_207' title='bbox 986 2806 1182 2871; x_wconf 92' lang='lat' dir='ltr'><strong>Porro</strong></span> <span class='ocrx_word' id='word_1_208' title='bbox 1241 2805 1366 2871; x_wconf 90' lang='lat' dir='ltr'><strong>duo</strong></span> <span class='ocrx_word' id='word_1_209' title='bbox 1420 2805 1804 2890; x_wconf 89' lang='lat' dir='ltr'><strong>interpretes</strong></span> <span class='ocrx_word' id='word_1_210' title='bbox 1879 2803 2219 2889; x_wconf 78' lang='grc' dir='ltr'><strong>(ἒξεγηταί)</strong></span> <span class='ocrx_word' id='word_1_211' title='bbox 2294 2812 2764 2890; x_wconf 88' lang='lat' dir='ltr'><strong>enumerantur,</strong></span> 
     </span>
     <span class='ocr_line' id='line_1_25' title="bbox 424 2906 2766 2994; baseline -0 -20"><span class='ocrx_word' id='word_1_212' title='bbox 424 2930 617 2994; x_wconf 88' lang='lat' dir='ltr'><strong>quum</strong></span> <span class='ocrx_word' id='word_1_213' title='bbox 659 2908 850 2973; x_wconf 90' lang='lat' dir='ltr'><strong>modo</strong></span> <span class='ocrx_word' id='word_1_214' title='bbox 894 2929 1091 2972; x_wconf 91' lang='lat' dir='ltr'><strong>unum</strong></span> <span class='ocrx_word' id='word_1_215' title='bbox 1133 2907 1413 2992; x_wconf 87' lang='lat' dir='ltr'><strong>proferat</strong></span> <span class='ocrx_word' id='word_1_216' title='bbox 1454 2908 1811 2972; x_wconf 90' lang='lat' dir='ltr'><strong>Pausanias</strong></span> <span class='ocrx_word' id='word_1_217' title='bbox 1856 2906 1956 2990; x_wconf 89' lang='lat' dir='ltr'><strong>(V,</strong></span> <span class='ocrx_word' id='word_1_218' title='bbox 2005 2911 2102 2989; x_wconf 85' lang='lat'><strong>15,</strong></span> <span class='ocrx_word' id='word_1_219' title='bbox 2151 2911 2234 2983; x_wconf 83' lang='lat'><strong>6.)</strong></span> <span class='ocrx_word' id='word_1_220' title='bbox 2250 2954 2267 2989; x_wconf 87' lang='lat'><em>‚</em></span> <span class='ocrx_word' id='word_1_221' title='bbox 2313 2906 2504 2973; x_wconf 90' lang='lat' dir='ltr'><strong>modo</strong></span> <span class='ocrx_word' id='word_1_222' title='bbox 2548 2908 2766 2990; x_wconf 78' lang='lat' dir='ltr'><strong>plures</strong></span> 
     </span>
     <span class='ocr_line' id='line_1_26' title="bbox 425 3000 2765 3094; baseline -0.001 -19"><span class='ocrx_word' id='word_1_223' title='bbox 425 3012 528 3094; x_wconf 83' lang='lat' dir='ltr'><strong>(V,</strong></span> <span class='ocrx_word' id='word_1_224' title='bbox 562 3014 662 3093; x_wconf 82' lang='lat'><strong>21,</strong></span> <span class='ocrx_word' id='word_1_225' title='bbox 697 3012 800 3093; x_wconf 83' lang='lat'><strong>5.)‚</strong></span> <span class='ocrx_word' id='word_1_226' title='bbox 847 3016 1143 3093; x_wconf 91' lang='lat' dir='ltr'><strong>quattuor</strong></span> <span class='ocrx_word' id='word_1_227' title='bbox 1170 3009 1466 3073; x_wconf 88' lang='lat' dir='ltr'><strong>tibicines</strong></span> <span class='ocrx_word' id='word_1_228' title='bbox 1498 3008 1981 3087; x_wconf 81' lang='grc' dir='ltr'><strong>(σπονδαῦλαι),</strong></span> <span class='ocrx_word' id='word_1_229' title='bbox 2029 3028 2221 3090; x_wconf 91' lang='lat' dir='ltr'><strong>quum</strong></span> <span class='ocrx_word' id='word_1_230' title='bbox 2247 3029 2446 3072; x_wconf 92' lang='lat' dir='ltr'><strong>unum</strong></span> <span class='ocrx_word' id='word_1_231' title='bbox 2483 3000 2765 3094; x_wconf 73' lang='grc' dir='ltr'><strong><em>αὐλητὴν</em></strong></span> 
     </span>
     <span class='ocr_line' id='line_1_27' title="bbox 424 3106 2765 3193; baseline -0.002 -14"><span class='ocrx_word' id='word_1_232' title='bbox 424 3119 873 3179; x_wconf 90' lang='lat' dir='ltr'><strong>commemoret</strong></span> <span class='ocrx_word' id='word_1_233' title='bbox 900 3112 1255 3177; x_wconf 87' lang='lat' dir='ltr'><strong>Pausanias</strong></span> <span class='ocrx_word' id='word_1_234' title='bbox 1301 3111 1401 3192; x_wconf 89' lang='lat' dir='ltr'><strong>(V,</strong></span> <span class='ocrx_word' id='word_1_235' title='bbox 1440 3114 1535 3193; x_wconf 86' lang='lat'><strong>15,</strong></span> <span class='ocrx_word' id='word_1_236' title='bbox 1570 3112 1674 3193; x_wconf 83' lang='lat'><strong>6.)‚</strong></span> <span class='ocrx_word' id='word_1_237' title='bbox 1715 3130 1882 3175; x_wconf 92' lang='lat' dir='ltr'><strong>unus</strong></span> <span class='ocrx_word' id='word_1_238' title='bbox 1923 3110 2204 3192; x_wconf 84' lang='lat' dir='ltr'><strong>lignator</strong></span> <span class='ocrx_word' id='word_1_239' title='bbox 2248 3106 2542 3189; x_wconf 83' lang='grc' dir='ltr'><strong>(ξυλεύς),</strong></span> <span class='ocrx_word' id='word_1_240' title='bbox 2588 3110 2765 3176; x_wconf 90' lang='lat' dir='ltr'><strong>cuius</strong></span> 
     </span>
     <span class='ocr_line' id='line_1_28' title="bbox 423 3209 2764 3296; baseline -0.002 -15"><span class='ocrx_word' id='word_1_241' title='bbox 423 3237 555 3281; x_wconf 91' lang='lat' dir='ltr'><strong>non</strong></span> <span class='ocrx_word' id='word_1_242' title='bbox 608 3215 941 3279; x_wconf 88' lang='lat' dir='ltr'><strong>immemor</strong></span> <span class='ocrx_word' id='word_1_243' title='bbox 992 3220 1089 3278; x_wconf 90' lang='lat' dir='ltr'><strong>est</strong></span> <span class='ocrx_word' id='word_1_244' title='bbox 1129 3214 1488 3279; x_wconf 87' lang='lat' dir='ltr'><strong>Pausanias</strong></span> <span class='ocrx_word' id='word_1_245' title='bbox 1547 3214 1654 3294; x_wconf 90' lang='lat' dir='ltr'><strong>qui</strong></span> <span class='ocrx_word' id='word_1_246' title='bbox 1697 3231 1905 3295; x_wconf 91' lang='lat' dir='ltr'><strong>neque</strong></span> <span class='ocrx_word' id='word_1_247' title='bbox 1947 3209 2612 3296; x_wconf 87' lang='lat' dir='ltr'><strong>hypospondophoros</strong></span> <span class='ocrx_word' id='word_1_248' title='bbox 2654 3231 2764 3279; x_wconf 91' lang='lat' dir='ltr'><strong>ne-</strong></span> 
     </span>
     <span class='ocr_line' id='line_1_29' title="bbox 422 3312 2459 3402; baseline -0.002 -20"><span class='ocrx_word' id='word_1_249' title='bbox 422 3337 548 3401; x_wconf 89' lang='lat' dir='ltr'><strong>que</strong></span> <span class='ocrx_word' id='word_1_250' title='bbox 589 3314 1305 3402; x_wconf 87' lang='lat' dir='ltr'><strong>hypospondorchestas</strong></span> <span class='ocrx_word' id='word_1_251' title='bbox 1354 3334 1562 3398; x_wconf 91' lang='lat' dir='ltr'><strong>neque</strong></span> <span class='ocrx_word' id='word_1_252' title='bbox 1603 3314 1847 3381; x_wconf 88' lang='lat' dir='ltr'><strong>scribas</strong></span> <span class='ocrx_word' id='word_1_253' title='bbox 1888 3312 2142 3380; x_wconf 85' lang='lat' dir='ltr'><strong>videtur</strong></span> <span class='ocrx_word' id='word_1_254' title='bbox 2181 3315 2459 3381; x_wconf 86' lang='lat' dir='ltr'><strong>novisse.</strong></span> 
     </span>
    </p>
   </div>
   <div class='ocr_carea' id='block_1_3' title="bbox 423 3583 2762 3739">
    <p class='ocr_par' dir='ltr' id='par_1_3' title="bbox 423 3583 2762 3739">
     <span class='ocr_line' id='line_1_30' title="bbox 557 3583 2762 3657; baseline -0.003 -16"><span class='ocrx_word' id='word_1_255' title='bbox 557 3589 594 3649; x_wconf 90' lang='lat'><strong>¹)</strong></span> <span class='ocrx_word' id='word_1_256' title='bbox 630 3589 731 3651; x_wconf 86' lang='lat' dir='ltr'><strong>Sic,</strong></span> <span class='ocrx_word' id='word_1_257' title='bbox 766 3604 869 3639; x_wconf 92' lang='lat' dir='ltr'><strong>non</strong></span> <span class='ocrx_word' id='word_1_258' title='bbox 911 3588 1261 3657; x_wconf 74' lang='lat' dir='ltr'><strong>Clytiadarum,</strong></span> <span class='ocrx_word' id='word_1_259' title='bbox 1306 3585 1547 3636; x_wconf 85' lang='lat' dir='ltr'><strong>scribitur</strong></span> <span class='ocrx_word' id='word_1_260' title='bbox 1580 3601 1611 3636; x_wconf 82' lang='lat' dir='ltr'><strong>a</strong></span> <span class='ocrx_word' id='word_1_261' title='bbox 1645 3584 1887 3635; x_wconf 80' lang='lat' dir='ltr'><strong>Cicerone</strong></span> <span class='ocrx_word' id='word_1_262' title='bbox 1924 3583 2340 3649; x_wconf 85' lang='lat' dir='ltr'><strong>quemadmodum</strong></span> <span class='ocrx_word' id='word_1_263' title='bbox 2374 3583 2527 3635; x_wconf 82' lang='lat' dir='ltr'><strong>etiam</strong></span> <span class='ocrx_word' id='word_1_264' title='bbox 2561 3584 2617 3635; x_wconf 87' lang='lat' dir='ltr'><strong>in</strong></span> <span class='ocrx_word' id='word_1_265' title='bbox 2652 3584 2762 3650; x_wconf 86' lang='lat' dir='ltr'><strong>epi-</strong></span> 
     </span>
     <span class='ocr_line' id='line_1_31' title="bbox 423 3670 1770 3739; baseline -0.004 -14"><span class='ocrx_word' id='word_1_266' title='bbox 423 3678 698 3739; x_wconf 81' lang='lat' dir='ltr'><strong>grammate</strong></span> <span class='ocrx_word' id='word_1_267' title='bbox 731 3673 1016 3725; x_wconf 86' lang='lat' dir='ltr'><strong>invenimus</strong></span> <span class='ocrx_word' id='word_1_268' title='bbox 1052 3672 1188 3738; x_wconf 83' lang='lat' dir='ltr'><strong>apud</strong></span> <span class='ocrx_word' id='word_1_269' title='bbox 1223 3673 1438 3722; x_wconf 82' lang='lat' dir='ltr'><strong>Pausan.</strong></span> <span class='ocrx_word' id='word_1_270' title='bbox 1473 3670 1563 3734; x_wconf 86' lang='lat' dir='ltr'><strong>VI,</strong></span> <span class='ocrx_word' id='word_1_271' title='bbox 1604 3672 1684 3733; x_wconf 80' lang='lat'><strong>17,</strong></span> <span class='ocrx_word' id='word_1_272' title='bbox 1719 3672 1770 3723; x_wconf 88' lang='lat'><strong>4.</strong></span> 
     </span>
    </p>
   </div>
   <div class='ocr_carea' id='block_1_4' title="bbox 799 3776 2394 3943">
    <p class='ocr_par' dir='ltr' id='par_1_4' title="bbox 799 3776 2394 3943">
     <span class='ocr_line' id='line_1_32' title="bbox 799 3776 2394 3859; baseline -0.004 -16"><span class='ocrx_word' id='word_1_273' title='bbox 799 3794 921 3843; x_wconf 78' lang='grc' dir='ltr'><strong>Τῶν</strong></span> <span class='ocrx_word' id='word_1_274' title='bbox 957 3786 1012 3841; x_wconf 79' lang='grc' dir='ltr'><strong>δ’</strong></span> <span class='ocrx_word' id='word_1_275' title='bbox 1055 3786 1434 3859; x_wconf 76' lang='grc' dir='ltr'><strong><em>ἱερογλώσσων</em></strong></span> <span class='ocrx_word' id='word_1_276' title='bbox 1467 3785 1743 3839; x_wconf 75' lang='grc' dir='ltr'><strong><em>Κλυτιδᾶν</em></strong></span> <span class='ocrx_word' id='word_1_277' title='bbox 1775 3785 1934 3855; x_wconf 75' lang='grc' dir='ltr'><strong><em>γένος</em></strong></span> <span class='ocrx_word' id='word_1_278' title='bbox 1967 3780 2197 3854; x_wconf 76' lang='grc' dir='ltr'><strong><em>εὔχομαι</em></strong></span> <span class='ocrx_word' id='word_1_279' title='bbox 2230 3776 2394 3839; x_wconf 78' lang='grc' dir='ltr'><strong><em>εἶναι·</em></strong></span> 
     </span>
     <span class='ocr_line' id='line_1_33' title="bbox 863 3860 2145 3943; baseline -0.005 -16"><span class='ocrx_word' id='word_1_280' title='bbox 863 3872 1077 3932; x_wconf 72' lang='grc' dir='ltr'><strong><em>Μάντις·</em></strong></span> <span class='ocrx_word' id='word_1_281' title='bbox 1111 3868 1214 3927; x_wconf 78' lang='grc' dir='ltr'><strong>ἀπ’</strong></span> <span class='ocrx_word' id='word_1_282' title='bbox 1254 3872 1492 3927; x_wconf 74' lang='grc' dir='ltr'><strong><em>ἰσοθέων</em></strong></span> <span class='ocrx_word' id='word_1_283' title='bbox 1527 3860 1663 3943; x_wconf 83' lang='grc' dir='ltr'><strong><em>αἷμα</em></strong></span> <span class='ocrx_word' id='word_1_284' title='bbox 1699 3868 2145 3941; x_wconf 62' lang='grc' dir='ltr'><strong><em>Μελαμποδιδῶν.</em></strong></span> 
     </span>
    </p>
   </div>
  </div>
 </body>
</html>
