3499 5219
1673 377 2243 441 —200--

958 553 1061 616 De
1116 548 1253 615 vita
1308 546 1567 613 Bacidis
1621 545 1788 612 nihil
1843 564 1961 610 nos
2015 543 2259 609 habere
2318 547 2708 627 compertum
2765 540 2922 605 dixi.
3021 539 3132 621 At,
3190 558 3198 563 ·

787 653 993 736 inquit
1009 701 1025 734 ‚
1086 649 1431 717 Glanidem
1488 648 1714 714 habuit
1766 648 2027 712 stati-em
2070 645 2387 711 seniorem
2401 692 2418 726 ,
2444 703 2449 706 .
2477 649 2547 708 ut
2599 643 2831 709 ludens
2884 641 3136 706 monuit

761 753 1257 838 vAristophanes
1299 753 1419 834 Eq.
1471 754 1651 815 1011.

1793 863 2133 927 ΔΗΜΟΣ.

1200 965 1344 1054 φέρ’
1395 968 1507 1031 ἴδω
1551 968 1713 1040 τίνος
1753 965 1871 1049 γάρ
1918 966 2066 1027 εἰσιν
2109 962 2168 1025 οἱ
2202 964 2481 1047 χρησμοί
2517 987 2700 1041 nott,-

1796 1082 2138 1146 ΚΛΕΩΝ.

1201 1187 1378 1268 οὑμοὶ
1421 1187 1535 1267 μέν
1578 1188 1687 1249 εἶσι
1732 1186 2022 1257 Βάκιδος.

1797 1303 2141 1367 ΔΗΜΟΣ.
2392 1374 2397 1379 ,

2035 1403 2091 1467 οἱ
2137 1405 2208 1467 δέ
2246 1407 2341 1468 σοὶ
2388 1406 2580 1483 τι’νος,·

1548 1525 1696 1585 AA
1698 1525 1914 1585 ΛΑΝ
1917 1521 2391 1586 ΤΟΠΩΛΗΣ.

1202 1623 1504 1699 Γλάνιδος
1546 1621 1823 1706 ἀδελφοῦ
1868 1633 1977 1688 τοῦ
2028 1625 2293 1698 Βάκιδος
2334 1627 2704 1709 γεραιτέρου.

800 1770 883 1834 Et
954 1765 1107 1832 inde
1178 1763 1444 1831 Suidas:
1519 1761 1790 1838 Γλάνις,
1862 1754 2036 1837 εἶδος
2111 1760 2359 1841 ἰχθύος.
2484 1760 2613 1826 Καὶ
2673 1762 3138 1848 χρησμολόγος,

803 1866 1091 1943 ,Βάκιδος
1136 1859 1443 1949 ἀδελφός,
1490 1865 1591 1929 cui
1634 1864 1904 1931 credidit
1944 1864 2276 1930 Fabricius
2312 1865 2482 1930 Bibl.
2523 1885 2619 1948 gr.
2664 1868 2740 1929 Τ.
2772 1866 2823 1931 Ι.
2869 1887 2966 1950 pr.
3003 1871 3138 1933 137.

801 1971 1003 2051 Harl„
1036 1987 1399 2052 quanquam
1426 1966 1874 2051 Aristophanis
1905 1967 2284 2032 scholiastes
2311 1974 2674 2033 monuerat:
2708 1967 2940 2045 ἔπαιξε
2971 1966 3139 2051 πρὸς

805 2070 921 2153 τὴν
990 2067 1339 2154 κατάληξιν
1402 2066 1517 2131 τὸν
1583 2064 1792 2132 Βάκιν
1856 2066 1967 2133 καὶ
2031 2066 2144 2131 τὸν
2213 2065 2452 2131 Γλάνιν
2519 2067 2745 2134 εἰπών.
2860 2072 3002 2135 ἔστι
3068 2069 3136 2136 δὲ

807 2167 982 2249 εἶδος
1027 2168 1258 2252 ἰχθύος
1303 2166 1339 2233 ὃ
1383 2166 1609 2252 γλάνις
1652 2176 1737 2251 (v.
1782 2170 2016 2236 Athen.
2061 2170 2173 2235 IV.
2217 2191 2281 2253 p.
2322 2174 2457 2235 136.
2503 2170 2648 2236 VII.
2680 2193 2742 2255 p.
2777 2177 2919 2238 311.
2978 2173 3139 2238 Plin.

804 2275 886 2340 H.
918 2274 998 2340 N.
1030 2273 1243 2354 VIIII,
1278 2273 1426 2348 43.).
1472 2272 1604 2338 Sed
1645 2273 1787 2357 ipse
1829 2272 2175 2338 scholiasta
2215 2292 2346 2336 non
2376 2273 2531 2337 satis
2573 2275 2897 2340 intellexit
2935 2276 3138 2340 iocum

807 2375 1289 2459 Aristophanis3
1332 2394 1483 2438 nam
1529 2372 1611 2439 de
1652 2373 1895 2439 Bacide
1934 2374 2098 2438 nihil
2142 2374 2478 2457 quicquam
2521 2374 2782 2442 audisse
2822 2376 3140 2459 putandus

810 2485 906 2545 est
945 2476 1396 2559 Aristophanis
1436 2476 1794 2542 insiciarius
1808 2524 1824 2557 ‚
1887 2475 2005 2540 sed
2061 2495 2177 2557 pro
2221 2475 2464 2540 Bacide
2523 2483 2635 2540 aut
2687 2478 2859 2544 male
2902 2478 3146 2543 audivit

808 2586 919 2646 aut
959 2577 1218 2644 audisse
1262 2596 1332 2644 se
1373 2576 1697 2643 simulavit
1738 2574 2011 2659 βατίδα,
2072 2576 2244 2660 quod
2295 2576 2451 2643 item
2496 2585 2592 2644 est
2633 2578 2902 2663 piscium
2945 2600 3145 2664 genus

811 2683 1068 2755 (Athen.
1098 2681 1245 2745 VII.
1288 2704 1352 2765 p.
1386 2681 1555 2756 286.)
1574 2728 1591 2762 ,
1648 2700 1845 2762 quare
1888 2679 2066 2744 aliud
2111 2679 2396 2746 eiusdem
2438 2683 2694 2764 generis
2734 2703 2969 2747 nomen
3011 2682 3148 2747 fati·

813 2783 936 2848 dici
982 2782 1311 2848 cuiusdam
1355 2782 1759 2865 excogitavit,
1805 2789 1893 2864 ut,
1951 2782 2006 2847 si
2047 2783 2117 2846 in
2159 2781 2577 2865 responsione
2618 2783 2922 2849 insiciarii
2965 2784 3147 2850 corri-

811 2892 998 2967 gatur
1050 2885 1170 2947 τοῦ
1229 2880 1517 2958 Βάτιδος
1574 2884 1806 2957 (sciens
1860 2891 2192 2949 accentum
2252 2885 2517 2959 mutavi)
2590 2890 2968 2967 γεραιτέρου
3033 2907 3146 2970 pro

812 2988 927 3050 τοῦ
975 2982 1262 3062 Βάκιδος
1279 2987 1351 3067 ¹),
1411 2987 1502 3051 sic
1554 2986 1688 3052 fere
1743 2985 1938 3050 liceat
1991 2986 2439 3068 Aristophanis
2498 2986 2735 3051 dictum
2789 2989 3148 3070 germanice

812 3095 1211 3154 convertere:

1887 3204 1982 3266 Vo
1999 3207 2089 3266 llc.

985 3310 1133 3368 Lass
1175 3309 1340 3386 sehn,
1385 3326 1509 3367 wer
1549 3306 1654 3365 hat
1694 3307 1789 3366 die
1834 3307 2277 3383 Scherspriiche
2320 3311 2477 3370 denn
2524 3311 2824 3372 versasst?

1858 3425 2107 3487 ΚἾεοη.

988 3530 1101 3590 Die
1144 3529 1375 3588 meinen
1417 3529 1548 3587 sind
1592 3546 1725 3587 vom
1768 3527 1976 3588 Βαλίε.

821 3735 1017 3781 constet
1050 3745 1212 3794 neque
1246 3744 1551 3794 praenomen
1585 3728 1737 3777 huius
1774 3728 1960 3778 harioli
1994 3729 2248 3779 addiderit
2272 3728 2467 3781 Cicero,
2522 3731 2669 3786 Quod
2708 3748 2864 3796 quum
2898 3732 2953 3782 in
2977 3734 3153 3784 Marcii

821 3817 951 3866 vatis
988 3814 1202 3879 quodam
1235 3813 1347 3864 loco
1382 3813 1601 3877 allegato
1637 3812 1816 3862 feeerit
1849 3815 2030 3863 Festus
2066 3815 2278 3875 (Oneum
2313 3816 2449 3864 enim
2483 3815 2725 3881 appellat)
2774 3816 2918 3881 sequi
2959 3817 3153 3868 videtur

822 3901 977 3951 fuisse
1013 3915 1131 3949 sane
1169 3899 1416 3963 quendam
1452 3898 1700 3947 Marcium
1738 3902 1898 3947 vatem
1935 3896 2018 3956 (ab
2052 3899 2212 3949 altero
2234 3899 2445 3949 fortasse
2471 3899 2772 3950 distinctum
2794 3903 3152 3965 praenomine),

824 3985 886 4034 de
921 3985 1065 4034 cuius
1102 3987 1264 4033 aetate
1298 3983 1431 4031 nihil
1467 3983 1530 4032 ad
1565 3999 1657 4032 nos
1693 3984 1926 4047 pervenit
1962 3983 2096 4047 quod
2131 3985 2301 4034 sciam.
2373 3986 2430 4035 Si
2465 3986 2676 4050 scripsit
2710 3985 2951 4035 Saturnio
2984 3992 3152 4050 metro,

825 4068 960 4134 quod
995 4070 1055 4119 G.
1092 4067 1414 4118 Hermannus
1463 4073 1611 4132 putat
1659 4068 1758 4131 (El.
1809 4067 1966 4119 doctr.
2003 4073 2146 4117 metr.
2192 4084 2242 4134 p.
2281 4072 2446 4132 614),
2493 4086 2612 4120 sane
2660 4069 2916 4122 habendus
2965 4073 3063 4121 erit
3104 4071 3155 4122 in

824 4152 1198 4218 antiquioribus
1246 4154 1411 4218 poetis
1457 4154 1812 4203 Romanorum.
1898 4152 1996 4202 Sed
2051 4151 2211 4202 multa
2263 4154 2460 4204 indicia
2505 4171 2611 4205 esse
2661 4155 3062 4206 hexametrorum
3106 4157 3156 4206 in

826 4238 1035 4303 reliquis
1087 4238 1202 4288 istis
1249 4237 1359 4287 dixi
1394 4236 1530 4287 Hist.
1568 4239 1692 4303 reip.
1730 4238 1874 4289 Rom.
1922 4253 1971 4302 p.
2011 4238 2127 4288 213.
2267 4239 2304 4302 ¹)
2340 4239 2424 4291 Sic
2461 4256 2508 4289 v.
2542 4242 2668 4292 1065
2705 4239 2841 4290 idem
2872 4241 3156 4293 insiciarius

827 4339 919 4389 pro
958 4319 1110 4390 Πύλῳ
1146 4322 1367 4372 audiisse
1404 4320 1502 4371 sibi
1541 4323 1677 4371 visus
1713 4327 1823 4372 erat
1857 4317 2065 4373 πύελον.
