3499 5219
1679 390 2210 453 *38*

763 555 1240 620 Britanniarum
1292 556 1599 638 reginam.
1697 555 2030 622 Facillime
2086 557 2504 625 suadentibus
2572 559 2969 624 auscultavit·
3013 560 3114 624 Io-

764 658 999 723 hannis
1029 657 1337 722 Friderici
1358 669 1736 741 'propensus
1775 658 1862 722 ad
1892 659 2107 723 omnia
2135 661 2406 743 animus,
2454 681 2619 743 quae
2647 662 3110 728 restitutionem

760 760 976 843 gentis
1019 778 1174 824 suae
1217 759 1507 842 polliceri
1549 758 1951 824 videbantur.
2035 762 2370 827 Aelmerus
2412 764 2603 845 igitur
2643 769 2714 827 ut
2753 762 2877 827 hoc
2918 783 3111 845 nego-

763 862 921 926 tium
976 866 1391 944 praepararet
1446 862 1766 944 profectus
1825 869 1920 927 est
1972 864 2040 928 in
2090 864 2394 947 Angliam
2439 865 2789 944 (MDLIX).
2875 866 3112 930 Postea

762 964 962 1045 legati
1003 964 1073 1027 in
1114 963 1418 1044 Angliam
1461 963 1795 1028 mittuntur
1837 964 2155 1030 Volradus
2199 986 2241 1030 a
2273 965 2596 1032 Mansfeld
2640 972 2703 1032 et
2730 966 3109 1031 Franciscus

763 1064 1126 1129 Bul-cardus
1169 1071 1237 1129 ut
1279 1084 1433 1146 rem,
1479 1065 1533 1129 si
1575 1063 1710 1130 fieri
1754 1072 1988 1148 posset,
2035 1067 2436 1134 conficerent.
2501 1062 2670 1146 Quid
2714 1068 2807 1133 eis
2849 1087 3109 1150 respon-

765 1165 929 1233 derit
981 1167 1230 1248 Regina
1290 1167 1485 1248 Virgo
1542 1187 1672 1230 non
1731 1187 1892 1250 opus
1948 1174 2044 1233 est
2101 1175 2170 1233 ut
2228 1189 2567 1253 exponam.
2655 1169 2794 1234 Hoc
2860 1175 3107 1234 tantum

760 1287 1024 1350 moneo,
1069 1268 1402 1350 Stigelium
1445 1274 1612 1333 tecte
1655 1270 1973 1336 excitasse
2015 1272 2382 1337 Aelmerum
2427 1272 2702 1355 epistola
2743 1271 2996 1354 poetica
3036 1277 3108 1335 ut

760 1388 1018 1435 causam
1061 1370 1365 1453 principis
1410 1371 1779 1453 susciperet.
1797 1371 1840 1448 ¹)
1901 1371 2031 1437 Sed
2076 1373 2225 1438 dum
2270 1375 2568 1455 Elissam,
2616 1394 2729 1439 seu
2757 1372 3100 1453 Didonem,
3190 1418 3193 1422 -

760 1470 829 1535 in
874 1490 950 1536 eo
993 1470 1272 1536 carmine
1316 1471 1470 1536 dicit
1512 1472 1992 1556 Elisabetham,
2057 1496 2188 1540 non
2232 1496 2389 1541 sane
2433 1476 2769 1559 aptissima
2810 1495 2961 1540 usus
3006 1480 3102 1540 est

758 1574 1255 1656 comparationis
1306 1573 1535 1656 figura,
1611 1595 1804 1656 quum
1846 1594 2055 1657 neque
2097 1579 2453 1660 nupturiret
2496 1577 2666 1643 Dido
2710 1575 3099 1657 Britannica,

759 1692 968 1757 neque
1023 1675 1278 1740 Aeneas
1335 1675 1689 1741 Saxonicus
1744 1677 2064 1742 troianum
2119 1698 2277 1763 prae
2350 1699 2419 1744 se
2489 1679 2683 1744 ferret
2752 1679 3099 1745 fastidium.

756 1776 984 1841 Paullo
1039 1783 1185 1860 post
1230 1777 1534 1859 Stigelius
1588 1784 1874 1844 mortuus
1932 1781 2086 1856 est²)
2142 1781 2372 1845 aetatis
2416 1801 2572 1846 suae
2614 1801 2786 1846 anno
2829 1780 3097 1862 XLVII,

757 1878 858 1943 XI
900 1878 1088 1944 Febr.
1133 1879 1210 1943 A.
1256 1880 1602 1962 MDLXII,
1661 1880 1796 1945 hor.
1841 1881 1908 1945 X
1952 1900 2129 1964 vesp.
2160 1882 2242 1946 *in
2286 1883 2557 1966 collegio
2599 1883 2930 1963 Paullin0‚
2989 1883 3100 1947 ubi

755 1981 1108 2062 habitavit,
1184 1981 1595 2064 sepultusque
1647 1981 1716 2046 in
1774 1983 2012 2065 templo
2058 1984 2121 2049 S.
2167 1984 2517 2050 Michaelis.
2604 1985 2756 2068 Ipse
2812 1984 2935 2050 sibi
2975 1984 3099 2049 hoc

754 2081 1151 2165 epitaphium
1193 2082 1728 2148 modestissimum
1772 2084 2142 2168 scripserat:

1104 2271 1217 2331 Hic
1261 2289 1372 2348 ego
1418 2271 1700 2349 Stigelius
1743 2274 1939 2352 iaceo;
1988 2274 2122 2349 quis
2165 2275 2375 2334 curat?
2419 2280 2485 2335 ut
2526 2276 2713 2336 omnis

1184 2357 1469 2433 Negligat
1508 2357 1622 2417 hoc
1663 2359 1934 2436 munduS,
1979 2360 2090 2418 scit
2131 2363 2326 2420 tamen
2369 2361 2497 2437 ipse
2542 2362 2706 2421 deus.

753 2542 891 2606 Hoc
943 2542 998 2607 I.
1051 2541 1112 2606 C.
1161 2540 1504 2605 Zeumerus
1560 2543 1707 2608 vitis
1764 2543 2030 2628 profess.
2086 2546 2340 2611 Ienens.
2399 2546 2491 2612 sic
2547 2545 2905 2611 attenuavit
2956 2565 3097 2631 ger-

752 2664 1034 2711 mamce:

1198 2800 1311 2859 Hie
1356 2800 1503 2877 liegt
1547 2799 1827 2876 Stigelius
1871 2800 1978 2860 der
2021 2802 2189 2879 Poet,

1196 2885 1343 2944 Was
1386 2885 1557 2945 weiss
1600 2886 1776 2964 der's,
1819 2885 1927 2945 der
1968 2887 2228 2946 vorflber
2270 2888 2457 2964 geht?

1196 2971 1439 3030 Wenn's
1482 2971 1756 3030 niemand
1799 2972 1990 3049 weiss,
2036 2990 2101 3032 so
2145 2973 2318 3032 weiss
2361 2991 2425 3032 es
2471 2974 2628 3052 Gott,

1195 3056 1386 3114 Drum
1427 3057 1545 3116 lass
1586 3056 1742 3115 mein
1786 3058 1947 3117 Grab
1990 3075 2104 3116 nur
2149 3062 2514 3134 unverspott.

818 3283 823 3289 ⁴
919 3255 1050 3321 Sed
1104 3258 1173 3322 in
1227 3258 1369 3341 ipso
1425 3258 1755 3341 epitaphio
1812 3259 1949 3324 eius
2005 3258 2175 3340 quod
2232 3260 2597 3326 etiamnunc
2663 3266 2952 3343 superest
3020 3261 3090 3325 in

751 3359 992 3441 templo
1036 3357 1101 3423 S.
1147 3359 1479 3424 Michaelis
1521 3360 1598 3424 A.
1643 3361 2029 3425 MDLXIIII
2069 3361 2360 3445 inscripti
2403 3368 2550 3427 sunt
2591 3361 2658 3426 hi
2715 3362 3089 3444 grandisoni

883 3662 917 3726 ¹)
955 3662 1013 3714 Τ.
1049 3663 1091 3713 Ι.
1129 3662 1162 3714 f.
1201 3665 1300 3716 433
1336 3680 1385 3717 v.
1521 3666 1560 3725 2)
1596 3663 1856 3713 Fincelius
1906 3663 2131 3715 medicus
2184 3666 2307 3716 haec
2356 3666 2416 3716 de
2469 3668 2640 3717 morbo
2688 3668 2796 3716 eius
2843 3666 3083 3716 tradidit:

749 3744 911 3812 „Cum
945 3746 1170 3797 diversae
1205 3764 1355 3814 saepe
1391 3764 1656 3800 aerumnae
1690 3748 1861 3813 ipsum
1895 3748 2197 3814 affligerent,
2234 3751 2479 3815 paulatim
2516 3753 2741 3816 corporis
2777 3752 2907 3801 vires
2944 3750 3084 3802 debi-

745 3830 924 3880 litatae
958 3835 1093 3893 sunt,
1130 3837 1191 3881 ut
1225 3849 1360 3882 anno
1397 3838 1513 3884 ante
1548 3833 1744 3884 obitum
1779 3849 1929 3900 saepe
1962 3835 2019 3884 in
2054 3851 2308 3901 syncopen
2342 3835 2605 3887 incideret.
2661 3836 2783 3886 Fuit
2810 3836 2903 3886 illa
2924 3836 3084 3886 hiems

747 3915 976 3966 austrina
1011 3916 1255 3968 nebulosa
1291 3922 1340 3967 et
1376 3916 1582 3969 turbida
1616 3922 1667 3968 et
1701 3918 1847 3982 quasi
1880 3918 2061 3983 lugens
2094 3919 2390 3985 impendens
2427 3920 2678 3972 damnum.
2735 3922 2797 3970 In
2836 3937 2894 3971 eo
2930 3937 3085 3986 quum

745 4005 953 4066 propter
989 4002 1297 4052 necessarias
1333 4004 1690 4069 occupationes
1723 4003 1934 4068 longum
1966 4002 2065 4052 iter
2099 4003 2311 4068 faeeiet‚
2352 4006 2619 4056 humorum
2651 4004 3083 4072 perturbationem

746 4100 981 4150 magnam
1028 4088 1289 4150 percepit:
1347 4088 1422 4137 ita
1467 4092 1527 4137 ut
1573 4087 1776 4137 domum
1827 4087 2025 4137 rediens
2074 4093 2254 4153 quarto
2299 4088 2380 4139 die
2429 4088 2695 4140 diarrhoea
2730 4090 3081 4156 corriperetur,

747 4185 875 4235 quae
909 4175 1013 4221 tam
1049 4186 1196 4220 saeva
1230 4172 1408 4221 attulit
1441 4176 1791 4239 symptomata,
1827 4176 1885 4221 ut
1920 4172 2106 4223 frustra
2139 4173 2320 4223 medici
2352 4174 2598 4224 auxilium
2628 4180 2898 4226 tentarent.
2949 4175 3079 4225 Nam

743 4259 795 4306 et
828 4271 1010 4320 corpus
1043 4253 1410 4324 κακοχυμικὸν
1442 4262 1566 4325 erat,
1602 4257 1735 4322 quod
1770 4256 2108 4307 comitabatur
2142 4261 2273 4308 etc.“
2323 4258 2481 4309 Addit
2514 4260 2693 4310 etiam:
2732 4261 2820 4323 „in
2846 4261 3080 4311 lacrimas

741 4341 967 4405 erupisse
1001 4341 1280 4391 Iohannem
1315 4342 1628 4393 Friderieum
1662 4344 1865 4393 obortas
1900 4342 2144 4393 nunciato
2178 4343 2322 4394 obitu
2358 4344 2613 4410 Stigelii.“
