3499 5219
1297 428 1641 490 ——299
1770 462 1866 468 -—-

405 595 879 664 triacadarchos
922 616 1218 662 censores
1261 596 1459 663 fuisse
1489 596 1844 663 Siculorum
1893 617 2023 661 non
2064 598 2284 680 inepte
2325 597 2484 662 mihi
2526 594 2753 662 videor

408 721 490 767 ex
535 721 612 767 eo
655 698 1035 765 concludere
1077 698 1248 781 quod
1292 695 1599 781 τριακάσι
1639 700 1681 763 i.
1728 719 1786 764 e.
1832 700 2087 765 tricenis
2118 700 2353 764 civium
2396 699 2656 764 familiis
2686 706 2750 764 et

405 810 579 868 certo
646 802 836 867 modo
908 806 1203 883 agrorum
1267 801 1504 884 singuli
1566 809 1751 867 erant
1814 801 2182 886 praepositi.
2293 800 2409 877 (Cf.
2481 800 2754 867 Mueller

407 906 561 969 Dor.
609 906 691 969 II.
738 925 800 987 p.
847 907 992 979 82).
1054 902 1197 971 Scio
1242 903 1498 986 quidem
1542 904 1728 969 binos
1771 910 2017 968 tantum
2061 922 2358 970 censores
2403 904 2469 967 in
2501 921 2752 984 quoque

405 1008 667 1073 Siciliae
723 1005 960 1089 oppido
1016 1005 1492 1071 commemorari
1550 1027 1592 1070 a
1648 1005 1955 1071 Cicerone
2011 1007 2214 1085 (Verr.
2271 1007 2367 1086 II,
2428 1007 2603 1084 53.),.
2635 1001 2751 1069 sed

407 1110 530 1175 hoc
586 1115 722 1174 erat
775 1107 861 1173 ad
915 1110 1346 1174 Romanorum
1403 1127 1734 1173 censorum
1790 1107 2135 1190 imaginem
2179 1129 2220 1172 a
2262 1107 2491 1188 Verre,
2552 1107 2751 1189 impu-

411 1211 784 1277 dentissimo
815 1212 1092 1292 homine,
1139 1218 1361 1276 contra
1402 1213 1500 1276 ius
1532 1210 1792 1276 Siciliae
1821 1210 2196 1275 institutum.
2256 1210 2377 1274 Hic
2419 1209 2750 1290 magistra-

403 1321 510 1379 tus
554 1321 814 1397 propter
854 1314 1358 1396 magnitudinem
1413 1313 1746 1397 potestatis
1801 1333 2049 1377 summa
2090 1314 2439 1379 ambitione
2495 1331 2536 1375 a
2579 1310 2752 1375 Sicu-

408 1417 489 1481 lis
533 1414 1038 1481 contendebatur
1081 1414 1502 1498 videnturque
1556 1414 1642 1479 ad
1699 1435 1844 1504 eum
1888 1417 2316 1480 Romanorum
2359 1415 2748 1499 temporibus

406 1517 617 1582 officia
671 1525 1030 1582 curatorum
1086 1518 1360 1583 tribuum
1416 1517 1800 1602 pertinuisse
1854 1523 2191 1600 postquam
2246 1518 2471 1582 harum
2515 1537 2752 1599 magna

409 1619 492 1684 ab
536 1620 845 1684 Romanis
886 1618 1057 1684 facta
1098 1620 1505 1685 commutatio
1550 1627 1706 1685 erat.
1793 1620 2027 1686 Tribus
2082 1627 2296 1684 autem
2356 1640 2469 1686 seu
2512 1621 2752 1704 phylae

405 1740 574 1802 quae
631 1721 1005 1785 dicebantur
1068 1721 1447 1803 antiquitus,
1505 1742 1738 1804 qenera
1794 1722 2027 1786 civium
2083 1743 2124 1787 a
2168 1723 2473 1788 Romanis
2530 1722 2752 1806 appel·

409 1824 729 1888 labantur.
789 1822 894 1888 Sic
923 1823 1255 1905 Agrigenti
1286 1823 1412 1887 duo
1443 1830 1624 1888 erant
1651 1843 1910 1905 genera,
1957 1846 2151 1889 unum
2182 1831 2467 1889 veterum
2493 1824 2745 1908 civium,

408 1926 681 1990 alterum
738 1925 1135 2005 colonorum,
1196 1945 1353 2006 quos
1396 1927 1473 1989 T.
1519 1926 1796 1990 Manlius
1854 1932 2109 2008 praetor
2166 1946 2246 1990 ex
2290 1926 2354 1990 S.
2402 1925 2470 1991 C.
2519 1925 2599 1992 de
2643 1940 2753 2010 op*

410 2026 581 2109 pidis
655 2026 1010 2091 Siculorum
1078 2025 1432 2093 deduxerat
1504 2027 1954 2110 Agrigentum3
2028 2027 2118 2092 sic
2192 2027 2317 2091 duo
2390 2028 2746 2109 Heracliae,

407 2149 675 2210 quorum
718 2129 988 2193 alterum
1033 2149 1075 2193 a
1115 2129 1187 2194 P.
1231 2130 1487 2212 Rupilio
1547 2129 1890 2194 deductum
1945 2134 2100 2194 erat.
2191 2128 2414 2207 (Cicer.
2460 2129 2639 2197 Verr.
2685 2132 2751 2195 II

412 2234 539 2307 50.)
585 2230 920 2315 Syracusis
963 2250 1116 2296 vero
1158 2238 1287 2296 tres
1330 2232 1632 2313 antiquae
1675 2231 1910 2312 tribus,
1965 2251 2197 2313 qenera
2241 2230 2454 2297 dictae
2494 2253 2537 2317 a
2582 2231 2754 2298 Cice-

411 2352 568 2397 rone
598 2333 799 2411 (Verr.
846 2333 931 2396 II.
978 2334 1103 2409 51.)
1136 2332 1326 2397 etiam
1355 2335 1786 2398 Romanorum
1815 2333 2206 2416 temporibus
2235 2341 2674 2400 remanserant
2688 2336 2753 2410 ¹).

414 2434 681 2517 Propter
722 2434 891 2499 hanc
934 2433 1126 2516 igitur
1165 2435 1579 2500 mutationem
1624 2456 1665 2500 a
1706 2435 2013 2500 Romanis
2056 2435 2291 2499 factam
2334 2435 2755 2501 triacadarchi

413 2542 477 2601 et
521 2536 753 2600 civium
797 2543 1036 2602 certum
1079 2557 1410 2602 numerum
1456 2544 1520 2602 et
1562 2544 1801 2602 certum
1845 2537 2104 2602 modum
2158 2557 2454 2620 agrorum
2498 2558 2754 2604 curasse

410 2639 503 2702 ita
545 2636 861 2718 videntur,
907 2646 975 2704 ut
1018 2659 1244 2705 census
1289 2661 1500 2705 coram
1545 2640 1703 2723 ipsis
1745 2640 1941 2705 fieret.
2029 2640 2107 2704 In
2150 2640 2562 2722 inscriptione
2593 2640 2679 2705 II.
2714 2646 2752 2705 5

411 2747 558 2825 post
586 2740 1164 2806 triacadarchorum
1195 2762 1428 2807 nomen
1459 2743 1742 2824 sequitur
1785 2738 2197 2824 γραμματεὺς
2240 2742 2348 2805 καὶ
2387 2740 2749 2825 φραδατὴρ,

412 2843 522 2924 qui
566 2848 663 2907 est
717 2843 926 2907 scriba
983 2849 1047 2908 et
1088 2843 1386 2908 recitator
1439 2844 1684 2925 legum,
1751 2842 1927 2924 quali
1985 2842 2177 2907 etiam
2222 2842 2610 2925 Syracusani
2653 2843 2751 2909 usi

412 2949 562 3009 sunt
605 2943 828 3021 (Cicer.
874 2944 1052 3009 Verr.
1096 2945 1181 3025 ΙΙ,
1232 2949 1390 3027 51.);
1436 2951 1580 3027 post
1623 2945 1896 3009 scribam
1927 2943 2202 3025 denique
2231 2951 2757 3009 commemoratur

416 3040 747 3129 ὑπηρέτας
789 3065 903 3111 seu
945 3066 1250 3111 accensus
1295 3046 1446 3125 (Cic.
1493 3047 1668 3112 Verr.
1716 3047 1836 3126 III,
1896 3049 1994 3111 66.
2044 3047 2190 3121 68.).
2278 3045 2493 3111 Tertio
2550 3046 2756 3124 titulo,

412 3148 522 3229 qui
578 3168 718 3211 cum
775 3148 980 3230 primo
1032 3148 1184 3212 olim
1238 3150 1609 3213 coniunctus
1666 3148 1862 3213 fuisse
1915 3147 2168 3212 videtur
2181 3150 2224 3223 ²)
2281 3148 2560 3212 locorum
2608 3167 2758 3228 quo-

416 3248 688 3314 rundam
744 3256 808 3315 et
871 3249 1148 3314 virorum
1217 3251 1618 3316 continentur
1685 3251 1967 3314 nomina.
2054 3252 2155 3314 De
2218 3249 2502 3331 utrisque
2564 3268 2754 3331 agam

416 3352 700 3418 seorsim.
761 3352 1053 3416 Virorum
1095 3353 1357 3416 nomina
1398 3352 1602 3435 primo
1646 3353 1952 3435 putabam
1995 3372 2212 3417 eorum
2258 3370 2418 3431 esse,
2466 3351 2572 3432 qui
2613 3358 2762 3433 post

413 3472 709 3518 eversam
764 3453 1112 3535 aliquando
1168 3454 1388 3519 urbem
1443 3454 1751 3518 Acrarum
1809 3474 1890 3519 ex
1947 3454 2091 3519 aliis
2135 3452 2389 3536 oppidis
2446 3451 2673 3517 eodem
2716 3473 2758 3518 a

417 3555 723 3621 Romanis
770 3554 1022 3620 deducti
1052 3562 1314 3639 vessent3
1360 3555 1475 3620 sed
1518 3556 1723 3639 magis
1769 3556 2112 3621 verisimile
2156 3562 2253 3621 est
2294 3553 2605 3618 contineri
2635 3553 2758 3619 hoc

416 3657 601 3722 titulo
645 3658 906 3721 nomina
949 3663 1268 3722 aratorum
1313 3659 1450 3723 sive
1493 3658 1861 3723 colonorum
1892 3657 2045 3737 (Cic.
2078 3657 2256 3723 Verr.
2303 3656 2421 3737 III,
2469 3660 2594 3733 22.)
2627 3662 2758 3721 tam

418 3759 793 3825 Acrensium
837 3779 1025 3841 quam
1069 3753 1339 3825 aliorum
1382 3759 1779 3843 oppidorum,
1827 3760 2054 3842 quibus
2102 3779 2142 3823 a
2186 3759 2444 3824 civitate
2489 3757 2784 3824 Acrensi'

556 3963 590 4023 ¹)
626 3963 893 4026 Zumptius
921 3961 986 4012 ad
1007 3964 1056 4013 h.
1083 3963 1117 4016 1.
1178 3963 1359 4026 „Nihil
1393 3980 1472 4014 me
1508 3978 1728 4026 unquam
1767 3963 1827 4012 de
1863 3962 2050 4012 civium
2087 3962 2249 4011 tribus
2285 3961 2549 4011 ordinibus
2576 3960 2757 4026 legisse

420 4047 644 4097 memini.
713 4047 893 4112 Itaque
939 4053 1063 4112 puto
1110 4047 1171 4097 de
1208 4049 1370 4099 tribus
1407 4049 1547 4099 urbis
1582 4047 1815 4113 partibus
1851 4046 2241 4111 intelligendum
2276 4063 2383 4096 esse
2419 4046 2657 4110 quoniam
2694 4061 2757 4096 ne

423 4133 478 4181 in
514 4138 693 4196 quarta
725 4139 899 4198 parte,
948 4132 1148 4192 Insula,
1196 4133 1328 4183 cives
1365 4134 1667 4199 Syracusani
1711 4131 2002 4183 habitarent
2048 4132 2377 4182 interdictum
2410 4133 2570 4180 erat.“
2640 4130 2759 4179 Non

425 4221 573 4266 recte.
645 4218 775 4266 Nam
823 4217 901 4266 vel
947 4217 1057 4267 sine
1091 4218 1264 4267 Insula
1311 4218 1682 4283 quadripartita
1730 4217 1849 4267 urbs
1899 4223 2022 4268 erat.
2091 4215 2152 4266 V.
2195 4216 2403 4268 Goeller.
2455 4215 2515 4265 de
2562 4216 2665 4263 situ
2708 4218 2760 4264 et

420 4301 618 4365 origine
668 4302 1022 4366 Syracusarum
1071 4318 1119 4367 p.
1158 4306 1237 4355 37.
1386 4301 1423 4367 ²)
1472 4304 1763 4354 cohaesisse
1812 4303 1991 4353 titulos
2040 4303 2066 4351 Ι
2117 4307 2165 4351 et
2214 4302 2296 4349 III
2342 4298 2603 4366 probabile
2653 4314 2758 4349 esse

424 4386 552 4435 mihi
587 4385 718 4435 dixit
750 4385 865 4439 Don
901 4390 1165 4439 Domem'co
1201 4388 1377 4438 doctus
1413 4389 1660 4439 Palazzoli
1697 4389 1941 4439 sacerdos.
