3499 5219
1355 429 1881 490 -51—

733 591 940 658 Pestis
985 613 1158 659 eram
1202 594 1406 676 vivus,
1454 595 1732 659 moriens
1775 602 1885 659 tua
1929 615 2100 659 mors
2145 615 2252 660 ero
2296 616 2489 680 papa.

607 694 950 760 Praeterea
1003 695 1204 759 oratio
1259 695 1512 778 Stigelii
1569 702 1779 762 exstat
1831 697 1900 760 in
1955 697 2176 761 funere
2231 696 2481 762 Alberti
2522 697 2790 766 Comitis

435 795 506 861 in
548 794 1036 879 Schwartzburg
1077 796 1302 861 habita
1345 797 1545 862 Ienae
1588 797 1849 862 MDLV.

613 900 670 961 2.
760 897 1075 968 Johannis
1112 897 1362 980 Stigelii
1405 899 1607 963 oratio
1655 899 1735 965 de
1779 898 2224 964 reformatione
2267 899 2461 964 studii
2515 902 2790 985 puerilis

439 998 528 1063 ad
572 998 1009 1064 eruditionem.
1079 999 1286 1064 Jenae
1336 1004 1516 1065 1556.
1562 1005 1620 1065 4.

613 1104 671 1165 3.
759 1099 904 1166 Joh.
950 1099 1202 1183 Stigelii
1245 1101 1446 1165 oratio
1492 1101 1574 1165 de
1619 1100 1862 1182 origine
1908 1109 1971 1167 et
2014 1122 2132 1167 usu
2175 1103 2503 1169 sermonis.
2573 1105 2789 1172 Jenae-

440 1201 743 1266 MDLIX.
790 1207 849 1267 4.

609 1302 829 1368 Voluit
858 1303 1069 1385 etiam,
1115 1322 1156 1367 a
1183 1303 1302 1368 Ph.
1330 1303 1828 1370 Melanehthone
1855 1305 2185 1388 excitatus,
2217 1305 2415 1371 libros
2443 1305 2781 1371 Fastorum

437 1402 960 1470 Germanicorum
1003 1403 1225 1486 edere,
1280 1403 1362 1471 de
1406 1406 1634 1488 quibus
1679 1405 1833 1470 dicit
1876 1409 1975 1481 (T.
2020 1407 2105 1471 II.
2151 1406 2192 1471 f.
2246 1408 2409 1484 178.)
2454 1407 2523 1471 in
2568 1408 2782 1491 elegia

434 1503 523 1569 ad
563 1505 635 1570 P.
669 1505 982 1591 Eberum3
1025 1507 1264 1571 mentio
1309 1527 1527 1572 eorum
1568 1507 1876 1572 librorum
1918 1506 1987 1571 fit
2027 1508 2095 1572 in
2140 1507 2429 1592 epistolis
2470 1508 2610 1572 Ioh.
2640 1509 2780 1574 Fri·

435 1605 634 1671 deriei
692 1607 777 1671 Π.
835 1606 922 1672 ad
976 1607 1331 1673 Iohannem
1384 1608 1779 1675 Friderieum
1834 1609 2193 1675 Electorem
2254 1616 2318 1675 et
2368 1609 2437 1674 in
2501 1611 2780 1695 epistola

434 1706 686 1790 Stigelii
740 1707 826 1773 ad
883 1708 1286 1792 Spalatinum
1343 1730 1532 1793 quam
1592 1730 1674 1775 ex
1744 1709 1965 1777 codiee
2024 1711 2321 1777 Gothano
2394 1711 2632 1779 editam
2707 1712 2776 1777 in

426 1808 754 1876 addendis
794 1810 998 1895 posui.
1086 1811 1216 1877 Sed
1258 1811 1344 1876 ad
1387 1810 1575 1877 finem
1620 1834 1753 1878 non
1795 1811 2095 1897 perduxit
2137 1833 2315 1897 opus.
