3499 5219
610 484 1100 677 &Alf
1231 530 1552 693 βψ

1023 686 1458 852 fac-322*

908 1511 1025 1575 DE
1058 1505 1324 1574 ’'ATTA
1369 1506 1877 1575 PRONOMINE
1923 1510 2283 1577 GRAECO.

587 1698 792 1776 Quam
850 1696 1071 1761 erebro
1132 1716 1172 1759 a
1228 1695 1656 1777 grammaticis
1712 1702 1777 1760 et
1829 1698 2186 1763 rhetoribus
2230 1701 2475 1781 graecis
2518 1705 2763 1784 agitata

411 1801 498 1865 sit
542 1799 827 1880 quaestio
874 1798 956 1863 de
1000 1794 1165 1860 ἄττα
1207 1799 1584 1881 pronomine
1626 1799 1906 1881 explosit
1949 1800 2269 1866 Lueianus
2313 1804 2497 1867 Rhet.
2544 1825 2756 1887 praee.

412 1903 488 1965 T.
538 1901 655 1964 III.
700 1921 763 1984 p.
787 1888 790 1891 ’
816 1903 953 1964 183.
999 1899 1215 1963 Iaoob.
1272 1906 1335 1965 et
1377 1900 1668 1983 inprimis
1725 1908 1920 1983 poeta
1962 1903 2176 1966 neseio
2235 1906 2373 1985 quis
2417 1906 2578 1970 (sive
2620 1908 2757 1970 Lu-

411 2005 630 2075 oillim.
678 2005 815 2069 sive
859 2003 1221 2064 Ammianus
1265 2002 1613 2067 seeundum
1656 2003 2039 2080 Planudem)
2094 2005 2164 2069 in
2222 2006 2594 2090 anthologia
2638 2010 2756 2075 Pa-

410 2106 613 2171 latina
657 2106 775 2187 XI,
829 2108 966 2168 142.

541 2242 855 2307 Πολὶοῦ
904 2239 1029 2300 det*
1063 2240 1165 2297 καὶ
1208 2239 1395 2318 σφίν
1440 2239 1535 2297 καὶ
1583 2241 1714 2316 τρὶς
1760 2237 1912 2321 παρ’
1962 2239 2189 2301 ἕκαστα
2235 2241 2598 2320 ὁικασται

622 2321 905 2403 ἄνδρες
950 2325 1048 2384 καὶ
1096 2322 1261 2402 λέγε
1309 2322 1395 2402 δὴ
1443 2320 1575 2384 τὸν
1619 2319 1856 2402 νόμον
1899 2323 2180 2386 ἐνθάδε
2224 2349 2388 2403 μοι,

539 2411 640 2473 καὶ
687 2409 924 2471 ταυτί
963 2411 1062 2468 καὶ
1106 2413 1269 2486 μῶν
1312 2409 1410 2468 καὶ
1456 2405 2041 2490 τετταράκοντα
2086 2409 2189 2473 καὶ
2236 2406 2428 2474 ἄττα

619 2490 1002 2572 σκεψάμενος
1046 2517 1144 2553 και
1190 2491 1273 2572 νὴ
1321 2492 1451 2554 τὸν
1492 2493 1647 2555 Δία
1689 2495 1790 2555 καὶ
1833 2492 1936 2571 μὰ
1981 2495 2138 2556 Δία

531 2576 735 2664 ῥήτωρ
780 2579 904 2642 ἐστὶ
952 2578 1202 2658 Κρίτων
1240 2601 1336 2638 και
1383 2577 1598 2639 παιδία
1643 2575 1841 2639 nomo}
1887 2575 2193 2641 διδάσκει·

617 2660 959 2745 προσθήσει
1007 2660 1070 2724 δ’
1120 2660 1327 2735 αὐτοῖς
1368 2670 1538 2743 γρῦ,
1586 2659 1821 2745 φαθί,
1872 2665 1969 2725 καὶ
2014 2665 2147 2743 μίν
2191 2664 2296 2742 ἔτι,

399 2804 740 2885 variasque
785 2801 866 2867 de
909 2802 1030 2866 hoo
1073 2803 1386 2867 vocabulo
1431 2802 1784 2867 sententias
1836 2804 2392 2885 grammaticorum
2449 2805 2745 2887 prodide-

398 2913 546 2971 runt
591 2907 1100 2989 Etymologioum
1143 2905 1226 2969 M.
1272 2925 1334 2968 v.
1370 2899 1599 2981 ’Ἀττα,
1645 2905 2084 2987 Harpocratio‚
2129 2906 2410 2970 Thomas
2440 2908 2747 2991 Magister

398 3029 450 3074 s.
498 3008 584 3089 d..
628 3008 1095 3073 Grammaticus
1139 3006 1426 3072 Bekkeri
1469 3006 1711 3072 Aneod.
1757 3028 1820 3090 p.
1872 3011 2009 3071 197.

572 3111 903 3175 Invenitur
967 3117 1179 3175 autem
1247 3104 1413 3172 ἄττα
1475 3130 1590 3193 pro
1635 3108 1785 3172 τινά
1843 3109 2014 3192 apud
2071 3109 2316 3175 Attioos
2382 3111 2584 3192 solos,
2649 3110 2742 3175 ita

393 3219 611 3279 tamen
657 3220 726 3277 ut
767 3212 991 3295 tragici
1035 3220 1264 3296 poetae
1309 3232 1384 3276 eo
1429 3231 1685 3294 prorsus
1713 3211 2138 3277 abstinuerint
2153 3213 2214 3292 ¹),
2261 3210 2557 3278 adsoisoit
2586 3233 2739 3278 vero

394 3315 684 3397 spiritum
731 3317 942 3380 lenem
987 3322 1050 3379 et
1094 3315 1149 3379 si
1192 3312 1448 3397 quando
1492 3316 1805 3396 reperitur
1833 3334 2062 3398 aspero
2112 3311 2418 3395 adhibito,
2465 3315 2741 3381 habetur

396 3437 513 3500 pro
571 3417 929 3499 stribligine
993 3438 1033 3481 a
1088 3417 1374 3481 Lueiano
1433 3414 1737 3482 Pseudos.
1796 3437 1858 3499 p.
1917 3420 2092 3497 580„
2155 3435 2344 3497 quum
2400 3410 2565 3480 ἅττα
2619 3439 2736 3500 pro

398 3513 593 3596 bitem
638 3518 719 3583 sit
760 3538 1112 3601 pronomen
1155 3518 1513 3599 relativum,
1561 3538 1691 3583 non
1720 3516 2139 3600 indefinitum,
2187 3525 2256 3581 ut
2285 3514 2467 3582 ἅττα.
2538 3518 2737 3584 Vtun-

394 3628 496 3686 tur
538 3628 752 3685 autem
796 3621 917 3685 hoo
959 3620 1334 3704 pronomine
1377 3620 1571 3685 Attici
1613 3619 1851 3703 triplioi
1893 3618 2103 3684 modo.

561 3724 613 3787 I.
702 3723 1114 3805 Postponitur
1163 3722 1579 3792 substantivis
1622 3723 1728 3786 vel
1771 3721 2104 3794 adieetivis
2148 3722 2254 3785 vel
2298 3723 2734 3788 numeralibus

390 3825 632 3890 neutris
699 3831 832 3889 tam
897 3825 1287 3889 nominativo
1355 3845 1547 3907 quum
1610 3823 1975 3889 accusativo
2031 3843 2182 3887 easu
2236 3822 2327 3887 ita
2381 3831 2450 3888 ut
2506 3826 2732 3889 ultima

387 3926 829 3992 antecedentis
871 3927 1168 3992 vocabuli
1211 3927 1587 4010 plerumque
1631 3925 1923 3991 elidatur.
1983 3923 2306 4008 Aristoph.
2337 3925 2548 3990 Nubb.
2584 3929 2727 3990 632.

523 4163 555 4222 ¹)
593 4164 755 4213 Video
792 4163 990 4227 quidem
1030 4165 1245 4213 amicum
1283 4180 1476 4225 meum,
1515 4163 1588 4213 Μ.
1628 4162 1947 4213 Schmidtium
1983 4160 2187 4220 (Philol.
2222 4161 2361 4224 XIV,
2406 4178 2458 4226 p.
2494 4165 2630 4225 465.)
2668 4161 2724 4211 in

386 4248 542 4313 Soph.
569 4248 653 4298 El.
691 4251 805 4300 337.
844 4254 990 4297 acute.
1024 4249 1299 4299 coniecisse
1338 4249 1564 4298 τοιαῦτα
1601 4240 1655 4297 δ’
1699 4244 1837 4297 ἄττα
1873 4262 1966 4311 pro
2003 4247 2229 4297 τοιαῦτα
2266 4238 2325 4295 δ’
2364 4241 2558 4307 daza&
2596 4247 2724 4296 mihi

383 4339 552 4382 tamen
590 4333 1009 4411 acquiescendum
1044 4347 1151 4384 esse
1187 4334 1384 4382 videtur
1419 4335 1473 4382 in
1509 4332 1838 4382 Dindorflana
1874 4332 2108 4382 lectione.
