3499 5219
1668 391 2199 452 —54—

1059 563 1154 622 'Pu
1196 560 1416 620 veteris
1460 577 1682 619 memor
1726 563 1850 619 esto
1895 560 1981 619 tui
2024 565 2082 620 et
2125 560 2403 620 miserere
2447 560 2665 621 sodalis

1139 647 1231 706 Ae
1275 645 1536 721 aliquam
1578 648 1840 704 veterem
1883 663 1974 723 m„e
2018 646 2144 705 sine
2186 644 2407 705 habere
2451 662 2679 707 nurum.

1058 731 1155 792 Sie
1174 728 1177 731 ’
1199 734 1444 790 matrem
1485 747 1595 806 pro
1637 733 1696 788 te
1740 747 1976 805 semper
2017 730 2347 789 venerabor
2391 748 2686 791 amorum.

1143 816 1226 876 Vt
1268 816 1468 875 faveat
1512 813 1735 890 coeptis
1780 814 2046 874 omnibus
2088 815 2194 874 illa
2235 815 2370 875 tuis.

1183 1087 1245 1150 p.
1298 1071 1436 1130 154.
1523 1063 1627 1130 Ad
1668 1064 1966 1128 Ioannem
2014 1064 2337 1149 Stiqelium
2380 1074 2656 1152 poetam.

1057 1222 1271 1282 Currat
1313 1224 1378 1280 ut
1418 1220 1754 1297 incoeptum
1796 1220 1990 1280 fausto
2033 1221 2220 1297 magis
2262 1221 2453 1280 omine
2495 1221 2707 1284 foedus

1139 1307 1378 1381 Isteque
1422 1305 1601 1381 longa
1642 1323 1831 1365 novus
1872 1308 2140 1381 tempora
2183 1307 2357 1365 duret
2400 1325 2582 1386 amor,

1054 1392 1149 1450 Ad
1190 1409 1434 1450 eoenam
1470 1390 1678 1450 venias
1721 1389 1897 1450 hodie
1939 1408 2230 1467 generose
2275 1390 2504 1470 Stigeli,

1139 1473 1291 1535 Oro:
1336 1476 1570 1534 domum
1611 1475 1725 1534 seis
1771 1493 1947 1551 quam
1992 1475 2169 1535 Curio
2212 1476 2418 1536 doetus
2462 1476 2656 1537 habet.

1051 1561 1165 1619 Hie
1208 1561 1456 1620 absente
1502 1559 1661 1619 eibos
1705 1560 1876 1636 eapio
1919 1578 2077 1620 nune
2120 1561 2392 1640 coniuge,
2439 1560 2634 1623 charis

1137 1646 1411 1721 Vinaque
1456 1663 1587 1704 eum
1630 1644 1807 1704 sociis
1849 1644 2048 1704 dulcia
2090 1663 2268 1722 saepe
2312 1647 2469 1707 bibo.

1054 1729 1336 1791 Omnibus
1377 1731 1493 1789 ista
1536 1729 1662 1788 dies
1707 1730 1925 1789 sanetis
1971 1734 2061 1790 est
2103 1749 2292 1810 saera,
2337 1732 2482 1808 quid
2526 1750 2671 1809 ergo

1136 1816 1263 1874 Nos
1305 1833 1518 1875 ornare
1560 1814 1736 1873 etiam
1781 1815 2020 1874 numina
2060 1820 2263 1876 nostra
2305 1820 2486 1895 vetat,

1053 1901 1176 1960 Ter
1216 1899 1436 1977 triplici
1482 1899 1743 1959 Clarium
1785 1900 2140 1975 gaudentem
2182 1902 2417 1961 numine
2461 1900 2767 1962 Phoebum

1141 1982 1421 2060 Quosque
1467 1984 1608 2043 deos
1651 1984 1856 2060 plures
1900 1984 2031 2044 fons
2074 1986 2376 2047 Heliconis
2419 1986 2570 2046 alit?

1055 2069 1217 2146 Ergo
1262 2070 1418 2149 veni,
1464 2069 1726 2144 quintam
1772 2087 1903 2128 eum
1945 2070 2197 2130 bueeina
2239 2071 2455 2131 dixerit
2495 2071 2718 2151 horam,

1140 2155 1411 2231 Namque
1457 2154 1795 2230 expectabit
1835 2157 1894 2213 te
1936 2173 2066 2216 mea
2107 2158 2294 2217 Musa.
2383 2157 2552 2217 Vale.

746 2424 808 2487 p.
842 2408 985 2469 202.
1058 2405 1162 2471 Ad
1190 2407 1486 2470 Ioannem
1516 2405 1843 2489 Stiqelinm
1886 2414 2140 2491 poetam
2185 2429 2226 2472 a
2269 2408 2499 2474 Carolo
2537 2409 2613 2475 V.
2658 2408 3086 2475 nobilitatum.

1153 2562 1392 2623 Turbae
1438 2563 1738 2640 Pegaseae
1784 2562 1964 2622 deeus
2009 2562 2236 2642 sulgon,

1151 2649 1316 2707 Inter
1361 2648 1715 2725 praecipuos
1758 2647 1891 2706 eani
1931 2653 2137 2724 poetas

1152 2731 1267 2805 Qui
1310 2732 1491 2793 debes
1531 2732 1737 2792 merito
1782 2737 1901 2811 tuo,
1948 2733 2177 2812 Stigeli,

1154 2818 1217 2878 Si
1260 2821 1318 2877 te
1364 2836 1548 2878 coena
1589 2818 1753 2876 iuvat
1794 2818 2056 2878 modesta
2097 2818 2301 2880 forsan

1152 2901 1356 2975 Qualis
1399 2921 1583 2963 eoena
1623 2903 1911 2979 Diogenis
1954 2903 2133 2964 fuisse

1152 2988 1388 3047 Fertur.
1478 2987 1539 3047 Si
1566 2988 1780 3063 placet
1823 3006 1951 3048 esse
1997 3007 2232 3048 earnem
2277 2994 2336 3050 et
2377 2990 2594 3052 herbas

1153 3073 1350 3132 Parvo
1391 3073 1618 3132 scilieet
1659 3091 1797 3132 aere
1842 3078 2229 3153 comparatas,

1148 3158 1244 3216 Ad
1285 3159 1471 3218 nostri
1511 3162 1719 3234 tuguri
1760 3159 1957 3218 venito
1998 3178 2276 3238 mensam,

1150 3240 1422 3314 Quintam
1465 3244 1713 3303 buceina
1757 3262 1888 3303 eum
1930 3244 2160 3304 sonabit
2199 3244 2420 3305 horam.

1149 3328 1321 3387 Nosti
1363 3327 1644 3404 pauperis
1688 3345 1818 3387 esse
1862 3346 1953 3387 me
1998 3329 2228 3388 culinae

1150 3409 1380 3471 Exilem
1421 3413 1733 3492 dominum,
1779 3413 2101 3489 domusque
2143 3433 2367 3490 parvae

1151 3496 1315 3570 Quae
1360 3497 1506 3556 lauti
1546 3496 1713 3575 nihil,
1760 3501 1819 3555 et
1860 3497 2004 3556 nihil
2046 3499 2246 3575 palato

1146 3582 1408 3659 Dignum
1449 3581 1603 3641 forte
1643 3585 1767 3659 tu0‚
1809 3583 2044 3658 tuisque
2087 3584 2269 3644 Musis

1148 3666 1410 3740 Quaesiti
1452 3666 1598 3725 nihil
1638 3670 1740 3725 aut
1787 3667 1965 3727 habet
2008 3669 2254 3744 saporis.

1147 3753 1370 3812 Ponam
1412 3751 1586 3828 pocla
1627 3754 1822 3811 tamen
1871 3755 2003 3811 tuas
2047 3753 2368 3813 camoenas

1148 3835 1313 3909 Quae
1356 3854 1473 3896 non
1516 3835 1854 3915 impediant,
1899 3855 2009 3897 nee
2051 3839 2305 3898 obruant
2345 3841 2404 3897 te

1148 3919 1278 3993 Quo
1320 3937 1530 3980 versus
1570 3921 1760 3981 minus
1804 3924 1863 3981 et
1905 3940 2091 3998 queas
2134 3940 2348 3983 suaves

1146 4006 1224 4064 Et
1265 4005 1474 4081 dignos
1519 4006 1714 4066 Clario
1756 4025 1968 4068 sonare
2011 4012 2199 4067 eoetu.

1144 4090 1310 4150 Haeo
1355 4095 1443 4149 est
1486 4091 1858 4152 commoditas
1899 4091 2100 4152 futura
2140 4096 2375 4153 nostrae

1146 4172 1335 4248 Quam
1377 4175 1491 4235 seis
1533 4194 1662 4236 esse
1705 4177 1911 4236 rudem
1953 4177 2123 4237 nimis
2165 4177 2435 4238 culinam.

1148 4260 1309 4337 Ergo
1353 4260 1523 4320 doete
1567 4262 1765 4321 venito
1808 4261 1886 4320 mi
1931 4261 2137 4339 Stigeli

1146 4342 1276 4418 Quo
1319 4363 1436 4405 non
1481 4345 1672 4406 earior
1713 4350 1803 4407 est
1843 4346 1984 4406 mihi
2005 4347 2259 4408 sodalis.
