3499 5219
804 579 873 644 in
928 575 1447 642 universitatibus
1514 573 2061 655 laetissimumque
2131 572 2424 638 currendi
2495 592 2789 653 eampum
2857 574 3153 639 omnibus

809 680 1122 764 aperiant.
3126 732 3129 733 γ

977 778 1224 845 Perfeei
1265 777 1335 842 id
1378 776 1548 860 quod
1590 776 1785 842 volui.
1845 774 1998 840 Dixi
2041 776 2124 841 de
2167 797 2243 843 eo
2287 776 2459 860 quod
2502 776 2888 841 universitas
2934 780 3151 840 nostra

813 884 934 948 fuit
972 882 1060 947 ad
1101 887 1322 946 nostra
1365 898 1565 961 usque
1607 884 1916 961 tempora.
2004 879 2104 944 De
2147 877 2471 962 praesenti
2512 884 2798 961 tempore
2843 877 3154 943 disserere

812 994 877 1051 et
917 984 1001 1051 de
1039 983 1248 1048 futuro
1292 981 1474 1063 quasi
1514 980 1882 1063 praesagire
1924 979 2268 1063 prohibeor
2308 980 2712 1045 verecundia.
2780 980 2921 1044 Iam
2964 979 3155 1061 igitur

812 1086 975 1152 nihil
1020 1090 1118 1150 est
1159 1083 1473 1167 reliquum
1515 1081 1727 1162 hodie,
1775 1101 1965 1163 quam
2008 1087 2079 1145 ut
2118 1102 2398 1146 summas
2425 1084 2566 1147 Deo
2596 1101 2864 1164 agamus
2892 1081 3153 1164 gratias,

813 1187 986 1270 quod
1027 1187 1195 1251 hane
1236 1185 1714 1250 universitatem
1759 1204 1874 1266 per
1916 1183 2037 1248 tria
2081 1184 2340 1249 saecula
2382 1185 2629 1249 salvam
2660 1183 2863 1248 voluit
2907 1202 3049 1249 esse
3092 1188 3155 1248 et

811 1290 1213 1354 ineolumem.
1300 1285 1579 1353 Easdem
1639 1287 1881 1368 gratias
1938 1286 2185 1368 agimus
2241 1284 2632 1368 principibus
2690 1286 2882 1350 etiam
2926 1285 3156 1350 nostris

812 1412 928 1475 pro
971 1388 1360 1456 liberalitate
1375 1436 1392 1470 ,
1452 1408 1579 1470 qua
1635 1388 1804 1452 hane
1861 1388 2212 1452 litterarum
2270 1386 2490 1452 sedem
2536 1387 2931 1453 enutrierunt
2988 1386 3156 1452 forti-
3203 1431 3207 1434 -

811 1500 1033 1574 terque
1076 1490 1333 1574 saepius
1376 1490 1564 1554 tutati
1620 1497 1769 1554 sunt
1824 1496 2043 1554 eontra
2105 1489 2565 1553 malevolorum
2619 1495 2913 1571 conatus,
2980 1509 3153 1571 quos,

813 1594 992 1658 nullo
1036 1599 1251 1657 nostro
1294 1591 1540 1669 merito,
1586 1591 1835 1673 experti
1878 1612 2092 1656 sumus
2134 1591 2386 1656 multos.
2452 1591 2574 1655 Pro
2606 1591 2833 1672 quibus
2864 1592 3156 1657 omnibus

814 1698 934 1778 Tu,
978 1716 1015 1760 o
1059 1696 1228 1760 bone
1270 1696 1468 1775 Deus,
1512 1691 1954 1775 implorandus
1998 1712 2097 1775 es,
2158 1699 2226 1757 ut
2271 1693 2592 1774 egregiam
2637 1692 2962 1758 Saxonum
3006 1712 3154 1775 gen-

813 1805 941 1863 tem
1014 1796 1378 1862 Ernestiam
1433 1795 1500 1859 in
1557 1801 1886 1861 aeternum
1951 1814 2288 1859 conserves
2306 1842 2322 1874 ,
2396 1800 2467 1857 ut
2537 1813 2729 1875 quam
2802 1794 3155 1860 diutissime

811 1906 1031 1965 tueare
1073 1897 1425 1962 tetrarchas
1468 1902 1720 1961 nostros
1764 1896 2251 1962 clementissime
2267 1943 2284 1977 ‚
2329 1895 2650 1978 inprimis,
2699 1897 2799 1958 ΤΕ
2815 1943 2831 1976 ,
2880 1894 3155 1960 Quom

812 2002 1253 2080 ALEXANDER‚
1299 2000 1531 2083 Reetor
1572 1997 2214 2081 magnificentissime,
2261 2017 2448 2079 quem
2491 2003 2895 2080 praesentem
2927 1996 3155 2062 adesse

812 2102 915 2168 his
957 2099 1376 2168 sollemnibus
1417 2099 1677 2164 mirifice
1719 2101 2033 2164 laetamur
2048 2148 2063 2181 ‚
2136 2118 2277 2163 eum
2341 2118 2540 2163 uxore
2596 2098 2856 2164 SOPmA
2870 2147 2886 2180 ‚
2955 2105 3157 2164 matre

813 2203 1063 2287 patriae
1107 2208 1170 2267 et
1212 2200 1677 2283 universitatis,
1747 2221 1888 2266 eum
1933 2202 2192 2284 egregia
2233 2208 2436 2265 matre
2478 2203 2626 2264 TvA
2641 2249 2657 2281 ‚
2703 2201 2934 2264 MARIA
2951 2249 2968 2282 ‚
3017 2221 3155 2264 eum

812 2311 950 2370 tota
989 2310 1182 2386 gente
1225 2305 1371 2367 TvA
1414 2309 1702 2385 augusta.

983 2407 1084 2471 Tu
1125 2411 1339 2469 autem
1385 2405 1711 2470 Iohannes
1754 2402 2077 2468 Frideriee
2091 2452 2107 2484 ,
2165 2424 2400 2487 parens
2456 2403 2645 2468 huius
2701 2404 3153 2486 universitatis,

815 2526 1022 2590 quem,
1069 2513 1407 2589 postquam
1450 2512 1601 2570 ante
1641 2506 1765 2570 tria
1807 2506 2065 2570 saecula
2092 2505 2363 2572 abiisses
2407 2505 2717 2586 sublimis,
2763 2525 2933 2569 nune
2977 2506 3157 2587 quasi

814 2628 1141 2674 reversum
1182 2606 1269 2672 ad
1311 2628 1429 2673 nos
1459 2628 1600 2673 esse
1627 2606 1978 2690 gaudemus
2022 2609 2352 2691 praeclaro
2383 2607 2741 2690 simulacro,
2785 2606 2870 2671 ab
2901 2607 3155 2690 egregio

697 2717 701 2722 ’
815 2709 1055 2774 artifiee
1096 2709 1413 2790 eonfeeto,
1473 2710 1528 2774 si
1584 2730 1710 2791 qua
1769 2715 1867 2773 est
1921 2709 2169 2792 piorum
2226 2711 2509 2775 manium
2553 2729 2703 2773 eura
2764 2710 3154 2774 terrestrium

816 2832 1058 2892 rerum,
1124 2810 1226 2875 fae
1269 2817 1339 2874 ut
1391 2810 1516 2893 ipsi
1558 2810 1907 2893 aliquando
1949 2831 2079 2876 non
2127 2810 2382 2902 'indigni
2437 2812 2831 2894 reperiamur
2884 2811 3156 2894 posteris

815 2912 1011 2979 fuisse
1055 2915 1193 2979 Tuo
1237 2913 1562 2996 martyrio,
1608 2914 1874 2994 Tuaque
1916 2913 2283 2978 sanctitate!
