3499 5219
1291 458 1420 464 -w
1518 425 1635 486 173
1729 458 1861 465 *-

401 591 555 655 dam
600 590 819 656 codice
863 610 899 656 e
926 590 1265 656 Dietziana
1308 590 1714 671 bibliotheca,
1762 590 1869 672 qui
1910 591 2145 656 latinos
2189 589 2500 672 quosdam
2540 610 2748 672 gram-

403 692 670 757 maticos
726 692 1023 774 antiquos
1079 693 1405 758 continere
1463 692 1721 773 dicitur,
1783 693 1900 756 hos
1944 712 2024 758 ex
2068 693 2336 774 Margite
2379 693 2744 776 versiculos,

405 802 736 876 (tanquam
779 801 979 874 totum
1023 814 1311 876 carmen,
1370 801 1439 859 ut
1479 794 1762 875 videtur,
1819 793 2251 873 inchoantes),
2311 814 2380 859 se
2422 793 2746 860 invenisse

404 896 585 960 dicit:
1104 968 1109 973 ,

695 1003 909 1074 Ἦλθὲ
949 1036 1039 1084 τις
1081 1015 1163 1085 εἷς
1206 1015 1559 1094 Κολοφιινα
1603 1035 1795 1093 μωσιν
1838 1014 1937 1073 καὶ
1982 1016 2156 1083 θεῖος
2200 1008 2425 1086 ὀοιδός,

712 1095 1038 1160 Μουσάων
1084 1096 1377 1179 θεράπων
1420 1099 1517 1158 καὶ
1561 1094 1866 1200 ἓξηβόλου
1898 1093 2298 1170 Ἀπόλλωνος,

798 1184 992 1266 Φίλῃς
1037 1183 1187 1261 ἔχων
1232 1184 1293 1244 ἓν
1327 1184 1605 1264 χερσὶνε
1582 1178 1933 1264 εύφθογγον
1975 1181 2245 1264 λύρηνβ)

402 1339 668 1399 quorum
725 1318 1041 1384 secundus
1098 1339 1179 1383 ex
1234 1320 1506 1400 Margite
1562 1319 1863 1383 laudatus
1921 1324 2018 1383 est
2076 1319 2228 1382 olim
2285 1340 2325 1382 a
2382 1317 2744 1383 Scholiasta

400 1421 850 1504 Aristophanis
896 1422 1038 1495 (Av.
1085 1424 1276 1497 914.).
1364 1424 1611 1485 Tamen
1667 1441 1926 1502 prorsus
1973 1420 2252 1485 incertus
2296 1439 2435 1484 sum
2477 1440 2564 1484 an
2606 1438 2744 1484 ver-

404 1543 511 1588 sus
564 1529 586 1585 1
643 1529 705 1587 et
750 1527 787 1587 3
845 1523 928 1587 ab
975 1523 1250 1604 quodam
1293 1523 1705 1605 grammatico
1752 1521 1929 1585 fictos
1975 1541 2115 1587 esse
2159 1527 2374 1603 putem
2420 1527 2490 1585 ut
2532 1540 2742 1586 exem-

400 1623 579 1706 plum
632 1624 773 1706 ipse
831 1644 867 1689 e
910 1625 1182 1706 Margita
1236 1625 1575 1708 proferret,
1640 1644 1763 1705 quo
1815 1624 2008 1687 ceteri
2053 1643 2343 1703 caruere,
2400 1623 2741 1686 mixtorum

400 1745 542 1789 cum
584 1725 813 1790 iambis
856 1727 1397 1809 hexametrorum,
1448 1748 1580 1791 non
1622 1734 1756 1789 tam
1800 1732 2056 1808 propter
2099 1722 2295 1803 λύρας
2339 1723 2740 1806 vocabulum,

400 1846 524 1907 quo
567 1827 708 1909 ipse
750 1826 1063 1893 Homerus
1107 1849 1266 1912 non,
1279 1850 1430 1894 usus
1477 1836 1572 1893 est
1615 1828 1730 1892 sed
1774 1828 2039 1909 primus,
2086 1833 2154 1890 ut
2196 1825 2475 1905 videtur,
2523 1832 2744 1890 auctor

401 1928 624 2011 hymni
666 1929 735 1992 in
779 1929 1156 1995 Mercurium
1199 1952 1260 1994 v.
1308 1936 1484 2012 423„
1545 1951 1732 2012 quam
1791 1936 2130 2011 propterea
2184 1927 2353 2010 quod
2395 1948 2591 1989 senex·
2633 1928 2740 1989 ille

404 2030 642 2091 divinus
687 2041 870 2102 vateS,
919 2034 1029 2116 qui
1060 2031 1472 2116 Colophonem
1517 2033 1684 2093 venit
1723 2051 1911 2094 nemo
1942 2030 2108 2095 alius
2139 2049 2280 2094 esse
2309 2035 2519 2112 potest
2549 2049 2740 2111 quam

402 2132 714 2196 Homerus
771 2133 929 2214 ipse.
1023 2134 1109 2198 At
1163 2154 1293 2197 non
1348 2134 1440 2197 ita
1495 2133 1812 2197 introduci
1866 2132 2070 2216 potuit
2112 2131 2426 2196 Homerus
2478 2131 2548 2194 in
2608 2151 2740 2195 car-

400 2234 591 2313 mine,
640 2234 810 2315 quod
839 2235 1039 2316 ipsius
1069 2234 1328 2299 Homeri
1373 2254 1512 2299 esse
1555 2229 1955 2298 tradiderunt
1996 2239 2263 2314 veteres,
2309 2232 2739 2318 nequeintro·

401 2334 546 2399 duci
589 2343 928 2418 propterea
969 2335 1175 2418 potuit
1218 2336 1388 2418 quod
1430 2343 1625 2401 testes
1668 2335 1921 2399 fuerunt
1964 2334 2207 2416 antiqui
2251 2334 2359 2416 qui
2401 2334 2467 2398 in
2530 2339 2739 2396 iuven-

399 2446 530 2498 tute
573 2438 663 2501 sic
705 2438 937 2502 lusisse
965 2437 1310 2501 Homerum
1348 2438 1649 2503 dicerent.
1724 2435 1993 2500 Accedit
2035 2436 2205 2516 quod
2235 2438 2516 2517 Tzetzes,
2563 2435 2739 2501 cuius

395 2539 604 2602 locum
649 2559 842 2622 supra
885 2538 1230 2622 adscripsi,
1278 2539 1573 2604 distincte
1616 2536 1983 2620 adnotavit,
2029 2538 2315 2603 senarios
2356 2538 2425 2602 in
2467 2538 2740 2621 Margite

396 2641 681 2706 adiectos
724 2642 998 2706 inveniri
1039 2647 1184 2724 post
1225 2662 1635 2725 praegressos
1677 2642 2084 2706 hexametros
2126 2647 2237 2705 aut
2280 2640 2576 2722 quinque,
2629 2647 2740 2704 aut

398 2762 543 2823 seX,
591 2749 702 2807 aut
745 2750 1021 2826 septem,
1067 2749 1180 2807 aut
1222 2750 1393 2826 octo,
1441 2751 1551 2808 aut
1595 2744 1846 2826 decem3
1893 2743 1961 2807 in
2004 2742 2305 2807 Atilianis
2349 2747 2564 2805 autem
2606 2741 2739 2807 illis

396 2845 688 2910 versibus
731 2865 893 2909 unus
938 2846 1225 2910 senarius
1270 2846 1550 2927 sequitur
1594 2846 1754 2910 duos
1797 2844 2203 2910 hexametros
2241 2843 2323 2907 de
2358 2862 2479 2924 quo
2515 2842 2739 2909 ordine

397 2966 655 3029 prorsus
714 2953 883 3011 tacet
939 2947 1071 3012 ille.
1172 2947 1549 3030 Quanquam
1612 2968 1743 3011 non
1808 2965 2197 3029 magnopere
2259 2944 2381 3008 hoc
2443 2964 2736 3027 urgerem

396 3055 658 3131 propter
711 3049 912 3130 ipsius
967 3049 1215 3113 Tzetzis
1271 3051 1739 3129 auctoritatem,
1818 3047 1925 3128 qui
1980 3055 2147 3112 certe
2202 3046 2537 3127 Margitem
2595 3046 2736 3129 ipse

395 3171 528 3215 non
569 3152 846 3233 legerat3
892 3157 1107 3215 tamen
1149 3152 1218 3214 in
1248 3151 1370 3215 hac
1397 3171 1466 3216 re
1495 3151 1748 3215 videtur
1777 3150 2143 3231 scriptorem
2175 3149 2454 3229 aliquem
2484 3154 2735 3214 secutus

395 3271 557 3333 esse,
606 3253 714 3334 qui
758 3252 839 3316 de
884 3252 1179 3317 carminis
1222 3273 1530 3336 compage
1572 3252 1836 3317 metrica
1877 3250 2229 3315 accuratius
2273 3249 2733 3332 disputaverat.

566 3353 778 3431 Quare
831 3361 1001 3418 recte
1043 3354 1361 3419 iudicasse
1407 3354 1703 3419 videntur
1744 3352 2321 3434 Wassenberghius
2365 3357 2430 3417 et
2470 3352 2735 3417 Falbius

397 3454 506 3530 (de
547 3456 818 3538 Margite
858 3455 1177 3520 homerico
1222 3477 1292 3539 p-
1335 3459 1435 3521 37.
1483 3460 1608 3531 39.)
1665 3455 1994 3537 antiquum
2051 3473 2309 3518 carmen
2350 3455 2540 3516 meris
2582 3454 2733 3518 olim

395 3557 784 3622 hexametris
841 3557 1035 3623 fuisse
1092 3558 1515 3641 conscriptum
1571 3564 1921 3640 posteaque
1978 3554 2231 3620 demum
2275 3555 2546 3620 insertos
2592 3574 2734 3620 esse

393 3659 643 3724 iambos
687 3659 769 3723 ab
816 3659 962 3723 alio.
1051 3659 1356 3724 Similiter
1398 3660 1715 3741 Pigretem
1735 3659 1780 3734 2)
1829 3657 2083 3740 Carem,
2141 3657 2522 3722 Artemisiae
2573 3657 2734 3739 regi-

396 3780 520 3825 nae
566 3766 936 3842 cognatum,
997 3762 1335 3844 perhibent
1378 3760 1650 3825 Iliadem
1692 3762 1784 3824 ita
1826 3760 2280 3843 interpolasse,
2338 3765 2409 3823 ut
2464 3759 2732 3842 singulis

531 4033 563 4089 ¹)
599 4031 770 4081 Habet
805 4033 1000 4082 eosdem
1025 4048 1195 4081 versus
1218 4032 1256 4079 A
1275 4030 1477 4080 tilius
1502 4030 2036 4079 Fortunatianus
2074 4046 2220 4094 quem
2242 4029 2404 4079 edidit
2425 4028 2516 4079 Th.
2539 4027 2727 4075 Grais-

393 4117 656 4166 fordius
704 4118 759 4166 in
796 4118 980 4182 Script.
1020 4118 1106 4166 lat.
1144 4117 1219 4165 rei
1254 4115 1490 4164 metricae
1538 4132 1587 4179 p.
1626 4117 1739 4166 342.
1812 4114 2027 4164 Initium
2061 4116 2216 4180 primi
2249 4131 2420 4164 versus
2457 4112 2729 4162 secundum

393 4201 620 4251 codicem
637 4203 940 4253 Vaticanum
966 4203 1038 4251 sic
1060 4200 1281 4250 reddidit
1300 4199 1642 4249 Gaisfordius:
1679 4202 2017 4251 Μαθετικεισ
2050 4216 2141 4250 και
2178 4216 2376 4267 οφωνα
2409 4196 2589 4264 γέρων
2623 4192 2728 4247 κτὲ.

393 4285 580 4336 Nescio
616 4303 680 4336 an
714 4288 848 4337 idem
883 4288 951 4336 sit
985 4303 1099 4336 cum
1135 4284 1461 4349 grammatico
1481 4285 1937 4335 Lindemanniano.
2071 4284 2106 4341 ²)
2148 4282 2350 4351 Πίργης
2384 4299 2566 4332 nomen
2601 4280 2731 4345 legi-

393 4375 478 4420 tur
513 4372 569 4420 in
606 4371 659 4422 C.
697 4373 738 4422 I.
776 4372 915 4422 Tom.
953 4374 991 4423 I.
1028 4373 1093 4420 N.
1142 4373 1268 4421 1570
1286 4385 1329 4417 a.
