3499 5219
575 480 834 687 ⁹372}
866 554 1119 687 &30⁶3
1134 472 1447 715 μὲ·

794 1610 1003 1676 VITA
1047 1608 1465 1677 IOHANNIS
1511 1607 1891 1674 STIGELII
1934 1608 2358 1675 THVRINGI

393 1765 594 1812 pann
646 1765 735 1811 Εἰ·
774 1765 905 1810 PER
946 1763 1256 1823 ALIQVOD
1299 1763 1559 1810 murvs
1609 1761 1801 1808 κηποι
1854 1762 2294 1811 PRanssoms
2349 1763 2745 1821 AcADmuAn

1378 1864 1703 1912 mnsrs.
1720 1848 1764 1921 ¹)

574 2032 791 2099 Tertia
830 2032 1187 2099 saecularia
1229 2032 1675 2101 Vniversitatis
1717 2032 2070 2101 litterarum
2113 2032 2403 2099 lenensis
2457 2034 2744 2117 proximo

398 2135 693 2217 Augusto
736 2153 976 2215 mense,
1022 2134 1078 2201 si
1106 2136 1284 2203 Deus
1326 2134 1558 2214 faveat,
1604 2133 2019 2201 celebraturis
2060 2132 2147 2197 ad
2188 2133 2534 2200 indicenda
2565 2156 2747 2201 sacra

400 2236 664 2319 publiea
705 2257 837 2301 non
879 2235 1120 2319 placuit
1161 2235 1349 2301 nobis
1390 2235 1669 2301 scribere
1711 2235 1818 2300 vel
1863 2233 1944 2300 de
1971 2235 2339 2317 laetissima,
2385 2256 2550 2317 quae
2577 2257 2748 2303 nunc

400 2357 548 2404 esse
591 2336 914 2419 videatur,
973 2336 1340 2403 conditione
1382 2337 1572 2403 huius
1614 2336 2046 2403 universitatis
2059 2384 2076 2418 ,
2131 2337 2239 2401 vel
2283 2336 2364 2405 de
2419 2346 2750 2421 exspecta·

398 2439 579 2504 tione
622 2459 811 2520 quam
855 2438 1213 2523 posteritati
1253 2438 1519 2504 forsitan
1561 2444 1835 2519 moveat,
1879 2438 2187 2505 utrumvis
2228 2439 2399 2504 enim
2428 2445 2597 2505 esset
2624 2440 2746 2505 sibi

400 2541 529 2625 ipsi
571 2541 904 2623 assentari,
954 2539 1071 2607 sed
1112 2539 1461 2609 modestius
1502 2540 1886 2625 putabamus
1927 2559 2072 2605 esse
2116 2538 2198 2606 de
2235 2540 2641 2609 incunabulis
2685 2550 2748 2609 et

399 2643 627 2726 primis
670 2644 853 2725 quasi
892 2643 1092 2708 initiis
1135 2642 1322 2708 huius
1362 2643 1733 2708 academiae
1764 2642 2095 2724 disserere,
2140 2642 2227 2707 ad
2255 2663 2417 2725 quae
2443 2650 2747 2726 tanquam

396 2744 492 2809 ad
535 2743 783 2810 radices
825 2745 1072 2810 arboris
1113 2765 1283 2810 nunc
1324 2745 1697 2810 virescentis
1739 2765 1816 2809 ac
1856 2744 2139 2810 florentis
2184 2744 2573 2811 descendere
2615 2768 2747 2813 non

402 2846 693 2929 ineptum
754 2848 902 2928 erit,
973 2852 1042 2911 ut
1100 2852 1164 2910 et
1217 2846 1636 2931 perspiciatur
1690 2846 1845 2928 quid
1899 2846 2128 2928 quibus
2181 2846 2423 2912 viribus
2476 2848 2747 2914 maiores

404 2948 608 3012 nostri
664 2948 1042 3031 perfecerint
1094 2954 1158 3013 et
1213 2947 1367 3031 quid
1421 2948 1638 3029 nobis,
1715 2967 1796 3012 ex
1861 2948 2170 3030 angustiis
2236 2949 2366 3013 illis
2413 2949 2746 3031 originum

404 3050 840 3115 universitatis
886 3048 1131 3116 eductis
1145 3097 1161 3130 ,
1211 3050 1506 3115 videatur
1547 3047 2002 3133 praestandum
2047 3069 2206 3115 esse.
2291 3050 2493 3116 Huius
2534 3057 2746 3116 autem

404 3151 660 3216 arboris
702 3151 835 3217 fere
878 3149 1066 3218 radix
1109 3151 1227 3216 fuit
1253 3151 1565 3214 Iohannes
1597 3150 1909 3233 Subdiu&
1956 3151 2197 3234 primus
2241 3151 2642 3233 eloquentiae
2685 3162 2750 3220 et

404 3252 623 3335 poesis
680 3253 1001 3337 professor
1043 3252 1364 3334 lenensis,
1423 3273 1464 3317 a
1505 3252 1793 3318 Ducibus
1834 3252 2154 3318 Saxoniae
2197 3253 2580 3333 Ernestinis,
2639 3275 2749 3320 an-

406 3360 647 3421 nuente
714 3361 901 3438 patre
952 3354 1243 3420 Iohanne
1299 3354 1624 3420 Friderico
1683 3354 2124 3437 Magnanimo,
2197 3360 2349 3422 tunc
2404 3353 2615 3424 Caroli
2667 3355 2746 3420 V.

406 3456 817 3540 Imperatoris
861 3455 1114 3539 captivo
1128 3503 1144 3536 ,
1222 3475 1304 3521 ex
1359 3456 1696 3540 metropoli
1739 3456 2084 3539 Viteberga
2139 3456 2264 3521 huc
2315 3464 2605 3538 vocatus,
2680 3464 2751 3524 ut

404 3558 591 3639 quasi
634 3558 976 3639 archegeta
1018 3563 1187 3622 esset
1237 3557 1527 3622 coloniae
1584 3558 1996 3640 evangelicae
2037 3558 2261 3623 Ienam
2317 3555 2749 3624 deducendae.

408 3660 661 3725 Bonum
703 3659 938 3724 factum
982 3658 1154 3741 quod
1195 3659 1613 3743 philologiam
1657 3660 1841 3741 quasi
1881 3666 2148 3726 matrem
2193 3677 2335 3724 esse
2376 3664 2441 3724 et
2470 3660 2748 3724 omnium

402 3759 760 3826 studiorum
803 3761 1166 3827 liberalium
1210 3767 1275 3826 et
1316 3760 1516 3843 ipsius
1566 3761 2033 3827 reformationis
2073 3760 2525 3825 intellexerunt
2579 3762 2750 3844 prin-

400 3862 585 3946 cipes
651 3865 883 3945 nostri,
956 3861 1242 3947 Philippi
1303 3862 1816 3928 Melanchthonis
1887 3862 2220 3928 consiiium
2285 3863 2567 3944 executi,
2609 3864 2751 3954 ⁴qui

546 4133 580 4188 ¹)
617 4132 813 4182 adiecta
848 4133 1024 4183 libello
1059 4133 1344 4183 academico
1379 4134 1464 4183 cui
1499 4134 1802 4199 inscriptum
1841 4138 1942 4186 est:
1980 4133 2132 4183 Sacra
2168 4133 2570 4184 semisaecularia
2598 4134 2750 4184 tertia

401 4217 646 4267 conditae
682 4217 744 4267 ab
782 4218 971 4268 loanne
1006 4217 1267 4268 Friderico
1308 4219 1633 4283 magnanimo
1679 4218 2028 4270 universitatis
2073 4217 2359 4269 litterarum
2393 4218 2620 4270 lenensis
2665 4220 2751 4271 dd.

410 4300 523 4352 XV.
559 4299 697 4353 XVI.
733 4301 899 4354 XVII.
936 4319 1002 4355 m.
1036 4304 1256 4368 Augusti
1293 4319 1337 4352 a.
1375 4301 1777 4354 MDCCCLVIII
1812 4304 1897 4369 pie
1929 4303 2228 4354 celebranda
2264 4302 2451 4355 indicit
2487 4305 2753 4354 Prorector

403 4403 526 4437 cum
564 4391 743 4437 senatu
777 4387 1127 4438 universitatis
1160 4387 1444 4440 litterarum
1484 4388 1724 4437 lenensis.

515 4479 813 4528 Gom-rmum,
838 4478 1056 4532 opuscula.
2320 4474 2343 4524 1
