3499 5219
347 631 901 714 procrastinatam,
956 649 1326 714 comparare
1368 650 1510 696 cum
1553 631 1729 697 obitu
1774 633 2202 701 adolescentis
2242 636 2417 702 illius
2459 640 2698 721 graeci,

347 734 490 816 qui,
554 732 706 799 dum
748 732 1097 799 certamine
1140 733 1458 817 olympico
1502 734 1700 799 vincit
1739 734 2210 819 adversarium,
2269 737 2410 822 ipse
2450 739 2693 807 viribus

350 834 518 900 adeo
588 834 969 901 debilitatus'
1025 842 1153 917 est,
1224 842 1298 900 ut
1363 853 1535 902 mors
1601 836 1663 903 ei
1725 836 2088 904 immineret
2150 839 2383 905 subita.
2482 839 2688 921 Quam

349 942 569 1002 tamen
623 943 892 1003 mortem
906 986 923 1020 ,
957 936 1115 1004 ·fere
1168 938 1515 1004 instantem
1531 987 1548 1021 ‚
1619 958 1696 1005 eo
1749 958 1951 1022 usque
2004 940 2358 1006 retardavit
2408 961 2693 1010 summus

350 1037 531 1120 deus,
574 1039 742 1104 votis
780 1038 982 1122 ipsius
1024 1038 1453 1106 adolescentis
1495 1040 1961 1124 obsecundans,
2018 1042 2172 1107 dum
2213 1061 2451 1110 corona
2492 1044 2692 1128 olym·

348 1140 499 1224 pica
540 1141 735 1224 capiti
775 1140 1139 1206 moribundi
1178 1141 1423 1225 imponi
1466 1149 1701 1226 posset.
1790 1141 1931 1222 Quo
1975 1143 2143 1209 facto
2184 1144 2357 1211 illico
2400 1146 2692 1231 spiritum

353 1242 565 1308 emisit
605 1243 737 1323 ille,
785 1262 928 1309 eam
970 1248 1197 1308 nactus
1238 1242 1627 1327 felicitatem,
1674 1264 1803 1326 qua
1842 1245 2090 1310 nullam
2132 1245 2364 1313 Graeci
2406 1247 2691 1315 habuere

349 1344 794 1426 antiquiorem.
880 1344 1138 1410 Scilicet
1190 1342 1309 1410 illa
1364 1365 1599 1410 corona
1653 1346 1977 1430 olympica
1991 1395 2008 1429 ,
2077 1366 2268 1430 quam
2322 1348 2449 1413 sibi
2504 1350 2691 1414 mori·

346 1445 605 1512 bundus
657 1447 1003 1531 promeruit
1046 1444 1436 1514 CAROLUS
1477 1447 1996 1515 FRIDERIOVS
2009 1495 2026 1529 ‚
2085 1455 2184 1515 est
2235 1469 2416 1515 amor
2468 1449 2692 1535 populi

349 1547 468 1631 sui,
511 1554 607 1613 tot
647 1549 969 1631 tantisque
1009 1548 1391 1615 testimoniis
1417 1549 1938 1616 luculentissimis
1964 1550 2303 1634 probatus:
2348 1557 2431 1633 et,
2476 1568 2690 1635 quem·

348 1649 696 1715 admodum
751 1649 1149 1716 adolescenti
1200 1669 1430 1733 graeco
1484 1657 1622 1717 tota
1673 1651 1809 1718 fere
1862 1651 2134 1717 Graecia
2196 1652 2499 1718 adstabat
2557 1674 2688 1721 mo·

346 1753 568 1835 rienti,
625 1759 691 1818 et
732 1751 915 1835 quasi
958 1752 1027 1817 in
1068 1753 1213 1836 ipsa
1253 1759 1458 1819 morte
1499 1753 1950 1838 triumphanti:
2005 1753 2097 1819 sic
2137 1754 2338 1820 nostri
2380 1754 2687 1840 principis

347 1854 640 1919 ultimum
696 1854 987 1937 spiritum
1040 1861 1179 1919 tota
1231 1855 1367 1920 eius
1421 1854 1667 1920 familia
1722 1855 2173 1937 augustissima
2224 1875 2531 1941 praesens
2579 1876 2686 1925 ex-

348 1954 549 2039 cepit,
608 1956 761 2038 quin
818 1956 1010 2021 etiam
1062 1955 1207 2040 ipse
1256 1956 1481 2022 aderat
1522 1956 1889 2022 Bernardus
1933 1957 2064 2022 dux
2078 2005 2096 2040 ,
2155 1957 2256 2023 vir
2306 1958 2687 2027 fortissimus

345 2056 831 2140 indefessusque
888 2059 1355 2142 peregrinator,
1433 2077 1470 2125 e
1535 2058 1905 2142 longinquis
1968 2057 2155 2124 terris
2219 2058 2382 2126 forte
2435 2060 2688 2127 fortuna

348 2159 697 2224 Vimariam
754 2160 1025 2225 delatus.
1126 2159 1449 2239 Quantum
1501 2159 1696 2243 igitur
1747 2159 2041 2226 diversus
2095 2159 2254 2226 obiit
2297 2159 2685 2229 OAROLUS

346 2261 865 2328 FRIDERICUS
918 2261 1003 2327 ab
1047 2261 1377 2327 notissimo
1419 2261 1805 2345 imperatore
1845 2281 2109 2327 romano
2126 2310 2142 2343 ,
2198 2262 2308 2345 qui
2362 2262 2685 2330 neminem

344 2383 417 2429 se
458 2363 819 2446 relinquere
859 2364 1133 2429 amicum
1176 2363 1594 2430 moribundus
1634 2363 1963 2429 confessus
2006 2366 2173 2429 erat!
2245 2365 2479 2431 Nonne
2506 2373 2685 2431 tanto

348 2466 540 2531 etiam
592 2466 843 2531 beatior
895 2484 1127 2549 graeco
1181 2465 1297 2530 illo
1339 2465 1780 2548 adolescente,
1839 2471 2077 2548 quanto
2119 2468 2548 2548 praestantior
2588 2475 2687 2533 est

344 2588 525 2634 amor
565 2568 788 2653 populi
830 2588 1021 2652 quam
1066 2586 1288 2634 omnes
1330 2566 1754 2653 Olympiorum
1795 2567 2100 2635 victoriae
2113 2565 2148 2631 Ῥ

514 2671 649 2736 Nos
691 2678 926 2753 autem,
973 2672 1082 2754 qui
1109 2669 1369 2736 beatam
1395 2670 1565 2737 hanc
1594 2670 1731 2736 eius
1757 2677 2026 2737 mortem
2053 2671 2192 2736 iure
2218 2670 2682 2755 praedicamus,

341 2792 475 2839 non
530 2773 736 2838 solum
792 2774 1146 2857 principem
1205 2772 1512 2856 optimum
1528 2820 1546 2855 ,
1620 2771 2308 2855 clementissimumque
2376 2780 2682 2840 rectorem

341 2874 715 2940 academiae
768 2874 1097 2941 amisimus
1111 2923 1128 2957 ,
1185 2874 1303 2941 sed
1359 2894 1499 2939 cum
1555 2893 1632 2940 eo
1685 2873 1880 2940 etiam
1936 2873 2349 2958 sepelivimus
2392 2874 2679 2940 ultimum

341 2977 525 3059 quasi
592 2978 919 3042 alumnum
981 2983 1319 3060 augustum
1374 2975 1800 3042 laudatissimi
1854 2976 2095 3042 saeculi
2148 2976 2564 3042 Vimariensis
2618 2986 2684 3044 et

342 3078 735 3160 Germanici,
809 3078 945 3145 eius
997 3078 1260 3162 inquam
1314 3078 1554 3144 saeculi
1567 3123 1584 3160 ,
1658 3077 1743 3145 de
1799 3096 1925 3161 quo
1979 3096 2134 3144 vere
2186 3086 2529 3160 auguratus
2586 3086 2683 3145 est

342 3180 683 3260 Goethius,
730 3180 937 3247 simile
978 3180 1153 3246 illius
1196 3180 1396 3259 (cuius
1436 3178 1579 3264 ipse
1619 3199 1774 3264 pars
1813 3180 2098 3246 maxima
2137 3179 2278 3256 fuit)
2321 3197 2451 3245 non
2490 3180 2683 3247 facile

338 3301 742 3349 reversurum
784 3300 927 3348 esse
970 3281 1376 3349 Germaniae.
1457 3282 1714 3349 Iuvabit
1764 3281 1989 3364 igitur,
2049 3300 2240 3363 quum
2294 3297 2425 3346 non
2474 3282 2679 3347 solum

338 3384 616 3468 principi
656 3391 875 3450 nostro
917 3383 1035 3450 sed
1076 3384 1265 3450 simul
1308 3383 1423 3449 toti
1465 3383 1649 3467 quasi
1692 3383 1831 3449 eius
1872 3381 2157 3464 saeculo,
2213 3383 2398 3466 eique
2451 3384 2680 3466 glorio·

338 3486 621 3568 sissimo,
667 3485 861 3553 hodie
902 3493 1315 3570 parentamus
1354 3519 1443 3533 ——-
1484 3492 1637 3569 quot
1680 3486 1852 3550 enim
1895 3485 2275 3568 quantisque
2316 3485 2683 3552 nominibus

337 3587 460 3654 hoc
502 3589 644 3673 ipso
687 3589 944 3654 saeculo
989 3588 1196 3654 orbati
1239 3587 1487 3654 sumus!
1562 3586 1790 3653 Carolo
1833 3586 2139 3670 Augusto,
2187 3585 2477 3669 Goethio,
2523 3587 2680 3655 Her-

338 3690 516 3772 dero,
575 3689 908 3772 Schillero‚
953 3689 1297 3756 Wielando
1342 3687 1868 3771 Vimariensibus,
1925 3693 2077 3772 quot
2117 3688 2264 3753 aliis
2306 3689 2414 3771 qui
2454 3689 2681 3755 arctio-

337 3793 514 3858 ribus
579 3792 852 3858 vinculis
921 3791 1254 3858 nobiscum
1322 3791 1521 3857 lenae
1590 3790 1912 3856 coniuncti
1983 3790 2195 3855 erant!
2265 3821 2349 3835 -——·
2411 3790 2676 3874 iuvabit,

334 3893 595 3978 inquam
613 3942 630 3976 ‚
702 3894 826 3959 hoc
891 3893 1197 3977 principis
1267 3892 1451 3975 quasi
1518 3892 1891 3959 alimonium
1945 3889 2214 3972 saeculi,
2288 3892 2461 3975 quod
2519 3889 2675 3975 dixi,

336 3995 559 4082 paucis
600 3994 1067 4062 reminiscendo
1110 3993 1305 4061 hodie
1346 4012 1834 4079 recognoscere,
1879 4010 2004 4077 quo
2047 3990 2154 4057 die
2195 3999 2331 4058 tota
2372 3993 2678 4078 principis

335 4099 473 4165 vita
512 4103 802 4183 peracta,
858 4104 1162 4181 tanquam
1203 4095 1448 4179 imago,
1505 4101 1658 4163 ante
1698 4094 1919 4162 oculos
1957 4093 2147 4161 nobis
2187 4094 2517 4180 proposita
2557 4102 2673 4162 est.

335 4199 438 4265 Ita
477 4199 764 4267 seniores
802 4197 1038 4265 rectius
1075 4195 1568 4281 recordabimur,
1613 4196 1768 4282 quid
1808 4215 1939 4263 una
1969 4215 2111 4263 cum
2140 4194 2430 4282 principe
2456 4204 2672 4264 nostro

335 4300 732 4368 amiserimus
745 4348 765 4383 ,
835 4305 900 4368 et
952 4299 1233 4366 iuniores
1286 4298 1558 4366 fortasse
1610 4298 1838 4366 melius
1889 4297 2283 4381 intelligent,
2344 4298 2497 4382 quid
2550 4293 2674 4365 sibi

336 4400 823 4486 praestandum,
879 4420 1006 4483 quo
1064 4400 1432 4467 enitendum
1485 4401 1570 4467 sit
1612 4398 1822 4467 futuro
1867 4407 2184 4486 tempore,
2243 4400 2297 4466 si
2351 4401 2482 4467 tale
2538 4417 2673 4467 sae·

2200 4501 2263 4551 7*
