3499 5219
1276 422 1843 484 ——127—

382 594 632 658 solutae
689 592 991 656 labuntur
1005 637 1021 670 ,
1097 594 1341 666 errant,
1404 587 1834 672 decipiuntur,
1893 595 2006 653 aut
2074 588 2377 654 illiberali
2431 590 2561 672 legi
2616 589 2726 655 ad-

384 696 676 780 scriptae,
723 692 810 759 ad
853 711 1043 774 quam
1087 696 1235 755 sunt
1274 688 1528 755 fortuna
1571 690 1850 772 quadam
1895 689 2168 772 delatae,
2222 691 2394 755 omni
2434 692 2619 759 vitali
2661 694 2726 759 vi
2772 752 2779 761 .

381 798 474 863 ita
517 796 970 875 destituuntur,
1030 800 1101 859 ut
1153 810 1307 858 vere
1363 792 1564 875 possit
1623 793 1716 858 eis
1766 792 2007 858 asellus
2049 793 2164 859 ille
2204 793 2470 860 Periclis
2512 795 2726 877 aequi-

384 898 625 983 parari,
690 897 797 979 qui
856 915 1050 978 quum
1106 894 1284 960 senio
1344 900 1409 959 et
1464 894 1790 959 laboribus
1838 893 1908 957 in
1951 894 2304 960 condendis
2348 896 2726 980 Propylaeis

382 1020 589 1085 paene
621 999 945 1064 confectus
976 996 1261 1062 libertati
1288 994 1550 1061 tandem
1578 1015 1734 1061 suae
1763 996 2090 1062 restitutus
2118 995 2443 1080 frenisque
2472 997 2724 1080 demtis,

380 1109 597 1168 tamen
640 1120 773 1165 una
812 1120 956 1165 cum
999 1098 1228 1164 ceteris
1268 1097 1569 1163 iumentis
1613 1095 1885 1163 eandem
1928 1117 2180 1182 semper
2208 1099 2380 1163 viam
2414 1100 2484 1164 in
2512 1119 2726 1166 arcem

384 1204 804 1271 emetiebatur
873 1220 1111 1266 vacuus
1183 1219 1409 1282 onere,
1494 1206 1817 1281 tamquam
1890 1200 2243 1266 sarcinulas
2313 1201 2506 1268 etiam
2576 1222 2725 1268 suas

384 1311 684 1390 portaret.
776 1304 957 1369 Haec
1027 1309 1240 1368 autem
1314 1308 1600 1367 extrema
1671 1299 1798 1365 duo
1865 1301 2195 1386 aptissime
2252 1303 2477 1368 evitari
2534 1324 2726 1388 posse

382 1415 568 1492 put0,
628 1407 683 1473 si
727 1405 1114 1471 Graecorum
1158 1410 1221 1469 et
1261 1404 1692 1468 Romanorum
1746 1409 1917 1469 artes
1959 1409 2023 1469 et
2064 1404 2310 1470 litteras
2351 1426 2483 1469 non
2526 1406 2726 1488 negli-

382 1530 609 1596 gamus
662 1515 726 1574 et
777 1506 931 1589 quid
986 1505 1421 1590 praestiterint
1473 1510 1723 1571 veteres
1778 1504 1845 1569 in
1898 1504 2021 1569 hoc
2075 1507 2247 1570 omni
2294 1526 2530 1589 genere
2573 1516 2726 1575 ante

384 1613 602 1679 oculos
643 1629 899 1692 semper
936 1608 1309 1673 habeamus.
1397 1607 1502 1673 Sic
1557 1606 2052 1690 prudentissime
2105 1607 2586 1690 progrediemur
2637 1609 2725 1675 ad

383 1714 574 1781 finem
630 1731 943 1778 summum
1000 1710 1108 1792 qui
1164 1709 1457 1774 omnibus
1508 1708 1695 1773 nobis
1738 1708 2101 1791 propositus
2143 1715 2273 1790 est,
2331 1710 2422 1775 sic
2465 1712 2726 1778 minime

382 1815 745 1882 relabemur
783 1813 869 1878 ad
913 1812 1071 1877 vitia
1111 1812 1392 1896 priorum
1434 1817 1790 1894 temporum
1835 1809 1952 1876 sed
1990 1810 2236 1877 fortiter
2267 1817 2331 1876 et
2360 1819 2726 1880 constanter

382 1915 865 2002 progredientes
910 1914 1190 1997 palmam
1234 1913 1616 1978 merebimus
1658 1911 1890 1977 artium
1933 1919 1997 1979 et
2039 1913 2410 1978 litterarum.

554 2020 692 2084 Iam
723 2017 776 2082 si
806 2015 956 2098 VoS,
1004 2015 1311 2080 carissimi
1344 2014 1840 2096 Commilitones,
1885 2031 2272 2098 magnopere
2302 2015 2610 2098 cohortor,
2655 2024 2725 2082 ut

382 2121 452 2187 in
495 2121 657 2186 haec
698 2119 1101 2201 antiquorum
1143 2117 1522 2201 populorum
1562 2117 1837 2200 vestigia
1877 2136 2007 2181 non
2048 2116 2296 2182 intretis
2339 2118 2562 2199 solum,
2608 2118 2725 2185 sed

383 2223 665 2307 pergatis
710 2220 936 2286 eodem
981 2220 1234 2284 tramite
1276 2218 1653 2302 procedere,
1697 2238 1831 2284 non
1872 2238 2127 2300 vereor,
2173 2239 2256 2285 ne
2300 2239 2415 2302 pro
2460 2221 2723 2286 castello

382 2345 558 2405 meo,
624 2344 739 2407 pro
795 2322 956 2388 meis
1011 2320 1358 2386 commodis
1413 2321 1662 2386 locutus
1716 2339 1861 2387 esse
1915 2319 2157 2386 videar.
2256 2320 2358 2385 Ita
2413 2311 2605 2404 igitur
2655 2322 2723 2388 in

382 2427 608 2493 litteris
653 2432 716 2492 et
758 2424 1000 2498 artibus
1042 2421 1379 2488 imitamini
1422 2422 1731 2503 Graecos,
1786 2422 1859 2486 in
1900 2422 2036 2487 vita
2076 2429 2339 2488 actuosa
2379 2424 2721 2504 Romanos,

385 2536 454 2594 ut
497 2547 661 2611 quae
704 2527 828 2592 huc
857 2524 1154 2607 usquein
1183 2524 1381 2589 Vobis
1410 2523 1833 2606 laudavimus,
1878 2524 2278 2607 probitatem,
2327 2525 2721 2608 diligentiam

385 2640 449 2699 et
493 2629 866 2712 obsequium
917 2627 1109 2694 etiam
1166 2628 1235 2692 in
1292 2633 1615 2711 posterum
1672 2627 1860 2692 nobis
1918 2628 2326 2694 conservetis.
2428 2629 2594 2710 Nos,
2654 2635 2725 2694 ut

383 2734 682 2813 solemus,
729 2729 935 2814 patrio
978 2748 1196 2795 amore
1238 2729 1369 2794 Vos
1411 2729 1884 2813 amplectemur.
1973 2729 2271 2797 Omnium
2315 2730 2485 2796 enim
2529 2730 2724 2796 socie-

383 2841 584 2901 tatum
637 2833 821 2897 nulla
862 2830 1289 2915 praestantior
1332 2836 1458 2912 est,
1519 2831 1702 2896 nulla
1749 2830 2014 2913 firmior,
2076 2851 2265 2914 quam
2322 2852 2513 2915 quum
2569 2832 2722 2944 boni

381 2937 522 3018 viri,
568 2935 848 2999 moribus
892 2933 1152 3014 similes,
1198 2940 1346 2999 sunt
1385 2932 1821 2998 familiaritate
1863 2934 2200 2999 coniuncti.

553 3036 739 3116 Quod
781 3036 1094 3117 reliquum
1138 3040 1236 3100 est
1277 3039 1428 3099 vota
1468 3054 1838 3117 nuncupare
1880 3055 1996 3119 pro
2041 3037 2248 3102 salute
2291 3042 2353 3102 et
2394 3035 2722 3099 incolumi-

383 3146 515 3205 tate
546 3137 1105 3204 Serenissimorum
1131 3135 1494 3219 principum
1523 3136 1631 3218 qui
1660 3136 1828 3202 hanc
1855 3137 2333 3203 universitatem
2367 3138 2720 3203 litterarum

382 3240 875 3308 clementissime
938 3244 1167 3320 regunt
1221 3243 1285 3302 et
1337 3257 1452 3321 pro
1506 3237 1707 3321 ipsius
1763 3238 2195 3304 universitatis
2257 3238 2720 3305 florentissimis

382 3343 573 3411 rebus
618 3349 681 3408 et
721 3360 859 3406 mos
902 3340 1225 3405 institutus
1268 3346 1332 3404 et
1373 3359 1553 3405 meus
1595 3359 1698 3404 me
1753 3339 2005 3405 animus
2061 3340 2403 3424 compellit.
2489 3341 2720 3406 Precor

383 3445 554 3511 enim
611 3443 704 3509 eis
760 3449 1134 3526 perpetuam
1191 3440 1558 3507 felicitatem
1601 3448 1666 3507 et
1707 3442 2058 3508 laetissima
2113 3461 2431 3525 quaeque3
2498 3462 2720 3525 precor

381 3554 451 3612 ut
495 3567 638 3612 eam
680 3544 1216 3625 benevolentiam,
1261 3562 1425 3626 quae
1470 3563 1549 3609 ex
1593 3543 2022 3626 intelligentia
2048 3564 2257 3610 rerum
2287 3543 2718 3627 proficiscitur,

383 3649 570 3715 nobis
641 3653 1023 3728 nostraeque
1095 3644 1465 3710 academiae
1536 3645 1727 3711 etiam
1798 3646 1866 3710 in
1930 3652 2251 3729 posterum
2309 3653 2718 3729 conservent3

383 3750 574 3817 etiam
605 3747 1125 3814 malevolentiam
1153 3745 1329 3812 haud
1355 3746 1732 3812 infuscatam
1764 3748 2160 3813 indoctorum
2190 3749 2358 3814 bene
2385 3754 2721 3813 verruncet

386 3852 560 3934 deuS,
609 3870 835 3933 resque
865 3856 1118 3915 nostras
1147 3848 1513 3914 fortunatim
1542 3848 1812 3915 feliciter
1841 3869 1918 3914 ac
1960 3850 2126 3917 bene
2170 3856 2397 3915 vortat.
2454 3849 2714 3916 Valete!
