3499 5219
1672 423 2196 485 *„22-..-

756 614 911 660 men
952 586 1358 676 componeret
1401 590 1777 674 Imperatori
1837 589 2252 673 tradendum,
2327 609 2536 672 neque
2589 609 2706 673 per
2747 587 2823 652 B.
2869 588 3105 653 Aman-

762 696 918 760 tium
988 693 1262 759 innotuit
1317 693 1724 775 Imperatori,
1800 692 1915 758 scd
1986 712 2102 776 per
2171 695 2251 758 D.
2309 692 2768 776 Hieronymum
2833 712 2872 752 a
2926 693 3106 761 Prat,

762 797 1029 879 Belgam
1046 844 1062 877 ‚
1119 795 1370 861 Erasmi
1413 793 1814 876 discipulum.
1901 794 2293 879 Hieronymo
2335 795 2608 878 elegiam
2649 792 2974 876 inscripsit
3007 793 3106 871 (in

760 899 1111 964 carminum
1155 897 1649 979 Stigelianorum
1691 899 1767 960 T.
1815 898 1899 961 II.
1945 897 1986 961 f.
2039 902 2157 961 154
2201 918 2262 962 v.
2308 897 2562 981 legitur)
2606 895 2689 960 ab
2747 914 2822 961 eo
2878 901 3106 977 petens

708 1038 714 1044 ·
762 1007 833 1065 ut
874 1019 1131 1065 carmen
1172 998 1653 1081 gratulatorium
1688 999 2066 1081 Imperatori
2107 998 2405 1065 traderet.
2475 999 2698 1083 Ipsum
2739 1015 2996 1062 carmen
3037 995 3107 1060 in

763 1101 990 1167 laudes
1033 1100 1440 1184 Imperatoris
1483 1100 1901 1184 compositum
1940 1102 2264 1167 invenitur
2306 1103 2381 1165 T.
2426 1100 2512 1165 II.
2556 1099 2600 1164 f.
2632 1102 2713 1164 69
2757 1120 2828 1181 r.,
2867 1098 2938 1163 in
2980 1117 3103 1179 quo

690 1238 695 1247 ·
762 1205 934 1269 facta
977 1203 1268 1269 Caesaris
1312 1208 1377 1267 et
1416 1202 1683 1267 virtutes
1727 1203 2204 1285 elegantissime
2261 1202 2711 1286 praedicantur
2724 1249 2740 1282 ‚
2813 1220 2944 1265 non
2986 1199 3107 1265 Sti·

762 1305 917 1389 gelii
971 1304 1088 1370 sed
1130 1304 1511 1370 Germaniae
1566 1304 1855 1387 nomine,
1930 1326 2053 1388 quo
2108 1306 2194 1371 ab
2248 1305 2421 1371 omni
2461 1303 2850 1370 adulationis
2893 1301 3107 1384 specie

763 1407 887 1473 sibi
937 1412 1209 1471 caveret.
1298 1407 1400 1471 Ita
1455 1406 1625 1471 enim
1680 1407 2058 1491 inscriptum
2114 1413 2242 1474 est:
2314 1406 2618 1489 „Elegia3
2690 1403 3109 1487 gratulatoria

766 1508 1148 1574 Germaniae
1220 1508 1521 1591 epistola,
1597 1528 1763 1591 quae
1832 1510 2116 1575 continet
2170 1508 2396 1574 laudes
2453 1507 2667 1574 Caroli
2721 1507 2797 1572 V.
2856 1524 3109 1587 semper

763 1610 1099 1693 Augusti.“
1185 1609 1644 1675 Praedicantur
1695 1631 1738 1676 a
1794 1611 2140 1678 Germania
2188 1611 2480 1695 inprimis
2534 1608 2804 1690 iustitia,
2880 1607 3105 1691 pietaS,

762 1711 1063 1778 fortitudo
1080 1761 1096 1794 ‚
1153 1701 1576 1795 temperantia
1619 1712 1940 1795 Caesaris,
2001 1713 2277 1796 denique
2291 1761 2308 1796 ,
2368 1714 2423 1779 si
2465 1733 2675 1775 caecas
2716 1731 2752 1773 e
2805 1710 3108 1790 reliqione

764 1813 1053 1877 tenebras
1095 1815 1420 1879 sustulerit
1464 1814 1745 1896 Carolus,
1791 1822 2136 1898 auguratur
2177 1816 2237 1881 ei
2271 1834 2495 1899 pacem
2537 1811 2751 1876 mundi
2790 1831 3061 1874 auream.

933 1916 1230 1981 Poeticae
1300 1915 1550 1998 Stigelii
1619 1917 1807 1998 eique
1875 1917 2151 1999 longiori
2220 1916 2592 1982 allocutioni
2660 1916 2784 1980 hac
2860 1913 3108 1997 scytala

764 2018 1055 2083 laconica
1108 2016 1391 2100 pedestri
1446 2036 1738 2084 sermone
1794 2018 2205 2102 respondisse
2257 2018 2599 2085 Caesarem
2661 2023 2954 2082 narratur
3023 2015 3106 2079 ab

766 2119 1052 2184 Barthol.
1100 2120 1519 2196 Sastrovio:¹)
1591 2117 1902 2197 „Carmen
1951 2121 2164 2204 placet
2212 2121 2629 2205 Imperatori,-
2692 2128 2881 2204 poeta
2927 2125 3113 2201 petat

768 2221 924 2306 quid
961 2221 1125 2293 velit,
1174 2220 1448 2294 habehim
1489 2223 1550 2284 si
1588 2222 1862 2284 voluerit
1900 2243 2032 2285 esse
2075 2221 2343 2297 Nobilis,
2391 2224 2546 2296 elit,-
2595 2224 2656 2285 si
2693 2222 2903 2287 Poeta
2937 2219 3109 2282 Lau-

766 2332 1010 2395 rentus,
1072 2324 1198 2386 eric
1236 2324 1305 2386 id
1345 2344 1618 2408 quoque;
1690 2328 1806 2385 sed
1837 2325 2167 2407 pecuniam
2208 2344 2332 2388 non
2370 2333 2574 2409 petat,
2626 2324 2945 2408 pecuniam
2985 2341 3110 2383 non

768 2424 1075 2488 habebit.“
1135 2424 1313 2491 Haec
1355 2444 1717 2507 quanquam
1759 2425 1965 2491 facete
2007 2427 2369 2508 excogitata
2411 2434 2629 2492 tamen
2660 2425 2747 2491 ad
2775 2425 3110 2508 Stigelium

765 2548 898 2592 non
956 2526 1308 2611 pertinent3
1380 2547 1532 2591 nam
1586 2533 1835 2593 creatus
1891 2526 2193 2611 Stigelius
2250 2536 2347 2593 est
2398 2536 2592 2613 poeta
2653 2530 2975 2593 laureatus
3046 2533 3111 2592 et

771 2649 964 2712 eques
1007 2630 1210 2694 factus
1261 2630 1528 2695 comitiis
1571 2631 2143 2697 Ratisbonensibus
2186 2631 2263 2696 A.
2308 2632 2625 2713 MDXL1‚
2683 2652 2815 2697 non
2856 2631 3111 2714 Spiren-

768 2732 946 2797 sibus
974 2731 1052 2796 A.
1085 2732 1488 2813 MDXLIIII,
1526 2733 1755 2814 quibus
1783 2733 2106 2799 Iohannes
2136 2733 2516 2816 Sastrovius,
2559 2734 2754 2799 frater
2782 2733 3112 2799 Bartholo-

766 2834 952 2914 maei‚
1001 2839 1336 2898 coronatus
1382 2839 1479 2899 est
1519 2854 1560 2898 a
1589 2834 1818 2899 Carolo
1851 2835 1948 2916 V.‚
1995 2839 2064 2899 ut
2089 2835 2231 2919 ipse
2257 2835 2451 2901 refert
2478 2836 2696 2900 Barth.
2728 2834 3108 2901 Sastrovius.

769 2937 994 3016 Neque
1050 2934 1396 3001 verisimile
1452 2942 1546 3001 est
1604 2956 1721 3020 per
1777 2937 2132 3002 Iohannem
2188 2936 2269 3002 de
2325 2938 2570 3018 Naves,
2647 2936 2755 3018 qui
2808 2937 3112 3003 intererat

769 3037 961 3101 etiam
1006 3036 1414 3119 Spirensibus
1458 3038 1747 3120 comitiis,
1792 3038 2204 3122 respondisse
2248 3038 2604 3120 Caesarem,
2658 3058 2850 3121 quum
2893 3039 3113 3104 Hiero-

768 3158 1002 3223 nymus
1045 3157 1086 3201 a
1127 3138 1280 3203 Prat
1322 3159 1578 3204 carmen
1621 3139 1873 3222 Stigelii
1915 3139 2300 3206 tradidisset.
2388 3142 2589 3223 Igitur
2631 3141 2704 3204 B.
2753 3141 3112 3208 Sastrovius

768 3240 1039 3306 fortasse
1082 3238 1366 3304 confudit
1394 3239 1729 3323 Stigelium
1774 3262 1916 3305 cum
1947 3241 2013 3306 C.
2047 3242 2355 3307 Bruschio
2387 3242 2496 3324 qui
2527 3262 2698 3307 anno
2728 3243 3139 3330 MDXLIIII

766 3344 1054 3407 lauream
1138 3340 1390 3407 videtur
1469 3343 1795 3426 accepisse
1877 3363 1917 3407 a
2002 3342 2276 3409 Caesare
2356 3343 2585 3409 Carolo
2659 3344 2734 3408 V.
2750 3344 2794 3419 ²)
2893 3345 3113 3427 Ipsum

770 3443 1111 3509 Caesarem
1156 3443 1287 3508 suis
1329 3444 1625 3510 manibus
1669 3452 1895 3528 postea
1938 3445 2220 3511 studioso
2273 3446 2627 3510 litterarum
2671 3444 3116 3528 Vitebergensi

766 3545 1145 3629 imposuisse
1187 3546 1504 3628 lauream,
1581 3546 1820 3612 additis
1864 3546 2162 3613 laudibus
2205 3546 2585 3629 quibusdam
2643 3553 2707 3611 et
2759 3547 3115 3630 insignibus

772 3647 1055 3729 equitum
1099 3647 1439 3730 nobilibus,
1483 3648 1624 3732 ipse
1667 3648 1973 3730 Stigelius
2016 3649 2259 3730 Ecloga
2303 3649 2437 3712 IIII
2478 3648 2779 3731 narravit,
2827 3669 2953 3731 qua
2995 3649 3113 3713 sub

906 3868 941 3931 ¹)
977 3868 1348 3917 Bar-tholomaei
1399 3868 1683 3917 Sastrowen
1729 3867 2072 3918 Herkommen
2089 3905 2104 3931 ‚
2156 3867 2351 3918 Geburt
2396 3869 2500 3918 und
2537 3867 2677 3918 Laus
2716 3868 2879 3918 seines
2915 3867 3116 3918 Lebens

773 3953 1006 4018 herausg.
1043 3970 1140 4003 von
1178 3954 1237 4002 G.
1278 3952 1392 4004 Chr.
1429 3953 1514 4003 Fr.
1549 3951 1797 4002 Mohnike
1831 3953 1875 4004 Ι.
1910 3968 1962 4017 p.
1999 3954 2115 4005 246.
2152 3951 2333 4014 „Eben
2361 3953 2479 4002 umb
2503 3952 2779 4018 disselbige
2801 3953 2915 4003 Zeit
2939 3954 3114 4015 (1544)

771 4038 862 4087 hat
897 4039 1026 4087 auch
1061 4039 1092 4089 J
1096 4038 1320 4088 ohannes
1357 4037 1603 4102 Stigelius
1640 4037 1753 4087 dem
1786 4036 1979 4103 Keyser
2011 4038 2259 4103 scriptum
2293 4039 2549 4104 poeticum
2582 4039 2831 4100 offer-iett,
2880 4037 2992 4087 dem
3026 4038 3118 4088 hat

771 4122 860 4172 der
893 4122 1084 4188 Keyser
1120 4122 1278 4172 durch
1315 4122 1574 4172 desselben
1610 4121 2123 4184 vicecancellarium,
2178 4124 2237 4172 D.
2274 4124 2441 4173 Johan
2478 4121 2539 4172 de
2572 4123 2766 4185 NaveS,
2820 4122 2953 4172 disse
2986 4126 3115 4172 Ant-

770 4206 1093 4271 wortgeben
1128 4206 1345 4257 lassen.“
1417 4207 1708 4271 Sequuntur
1755 4206 1908 4257 verba
1956 4223 2083 4272 quae
2129 4223 2284 4273 supra
2336 4208 2676 4272 allegavimus.
2816 4206 2858 4271 2)
2897 4224 2939 4258 v,
2979 4207 3116 4257 Odae

771 4293 854 4342 III
888 4308 981 4357 pro
1015 4292 1146 4342 festo
1182 4291 1240 4340 D.
1280 4292 1511 4355 Gregorii
1549 4292 1602 4341 in
1637 4292 1917 4342 iuventutis
1940 4293 2291 4343 Aristadianae
2327 4293 2544 4357 gratiam
2578 4293 2797 4358 scriptae
2832 4308 2863 4343 a
2897 4292 3117 4356 Caspare

769 4377 1018 4427 Bruschio
1054 4379 1207 4426 Poeta
1245 4376 1512 4425 Laureato.
1583 4376 1786 4428 Erford.
1821 4375 2147 4428 MDXLIIII.
