3499 5219
775 1738 1434 1807 INSORIPTIONES
1493 1739 1711 1804 TRES
1770 1741 1867 1803 IN
1922 1739 2181 1804 CVRIA
2233 1741 2771 1809 ATHENIENSI
2829 1744 3117 1809 NVPER

1713 1859 2189 1923 REPERTAE.

949 2084 1307 2150 Parietinas
1366 2080 1593 2147 Curiae
1632 2080 2120 2146 Atheniensium
2178 2103 2383 2166 nuper
2438 2081 2721 2147 detectas
2781 2103 2923 2148 esse
2979 2084 3119 2166 quis

778 2210 911 2254 non
972 2184 1262 2252 audivit?
1326 2177 1500 2262 Quas
1557 2204 1747 2265 quum
1817 2184 2090 2267 primum
2161 2186 2299 2268 ipse
2352 2184 2622 2249 Athenis
2680 2185 2989 2269 conspexi
3049 2186 3121 2249 in

780 2310 1083 2373 magnam
1126 2285 1323 2351 incidi
1368 2285 1847 2350 dubitationem.
1921 2287 2088 2351 Nam
2132 2306 2263 2351 non
2307 2288 2463 2352 satis
2508 2286 2768 2368 dignum
2812 2307 2957 2353 esse
2997 2287 3117 2351 hoc

782 2391 1140 2458 aedificium
1185 2388 1359 2452 curia
1412 2387 1803 2470 reipublicae
1847 2387 2333 2453 Atheniensium
2379 2388 2857 2472 existimabam,
2917 2388 3121 2453 nobili

784 2496 923 2561 sine
968 2491 1161 2557 dubio
1206 2497 1399 2571 atque
1443 2496 1710 2571 augusto
1755 2482 1916 2570 loco,
1978 2491 2188 2574 potius
2233 2491 2536 2556 subitario
2593 2510 2787 2575 opere
2832 2489 3121 2574 lapidum

780 2596 1203 2676 undecunque
1233 2591 1644 2657 advectorum
1674 2591 1970 2674 congerie
2015 2599 2419 2659 exstructum.
2488 2594 2653 2659 Nam
2685 2600 2939 2678 praeter
2967 2592 3120 2674 alia,

787 2716 954 2781 quae
998 2716 1166 2761 nunc
1213 2713 1707 2759 commemorare
1752 2694 1914 2758 nihil
1958 2696 2206 2778 attinet,
2265 2697 2389 2779 ipsi
2432 2696 2659 2779 parieti
2703 2695 2790 2761 ad
2835 2695 3121 2760 occiden-

782 2810 912 2867 tem
958 2817 1264 2863 converso
1307 2832 1394 2841 —-
1435 2796 1712 2880 parietes
1771 2796 1939 2861 enim
1997 2798 2258 2862 orientis
2302 2800 2536 2881 plagae
2579 2797 2864 2862 nondum
2910 2796 3122 2862 effossi

785 2909 934 2970 sunt
974 2937 1060 2949 —-
1101 2899 1336 2964 iniecta
1380 2905 1478 2963 est
1520 2898 1694 2963 basis
1735 2919 2114 2981 marmorea,
2170 2900 2238 2964 in
2284 2921 2410 2982 qua
2452 2901 2603 2964 olim
2660 2920 2867 2966 aenea
2910 2905 3121 2963 statua

782 3004 1002 3071 nescio
1047 3003 1221 3066 cuius
1277 3000 1434 3065 civis
1478 3000 1894 3065 Atheniensis
1950 3008 2161 3066 erecta
2219 3009 2384 3084 erat,
2442 3010 2511 3067 ut
2563 3002 2836 3085 vestigia
2892 3000 3121 3065 docent

788 3108 856 3172 in
901 3104 1233 3179 marmoris
1277 3099 1624 3186 superficie.
1713 3102 1866 3166 Basi
1919 3102 2042 3185 ipsi
2099 3103 2409 3170 adversae
2466 3105 2807 3188 inscriptus
2867 3110 2962 3168 est
3016 3102 3123 3166 1116

780 3209 1001 3273 titulus
1042 3204 1270 3271 litteris
1313 3203 1600 3272 minutis:

870 3370 1516 3435 ΑΠΟΛΛΩΝῙΟΣ
1554 3370 1898 3433 APXIOY
1944 3372 2569 3436 ΖΙῙΑΡΑΘΩΝῙΟΣ
2607 3373 3039 3436 ΕΠΟΗΣΕΝ

788 3547 905 3611 Ε81
949 3543 1119 3609 idem
1162 3543 1275 3607 1116
1304 3542 1685 3626 Apollonius
1715 3544 2076 3625 statuarius,
2124 3544 2301 3609 cuius
2343 3545 2741 3628 praeclarum
2771 3544 3120 3626 artificium,

791 3646 1138 3712 Herculani
1181 3646 1533 3727 inventum,
1590 3652 1958 3710 asservatur
2011 3646 2079 3709 in
2123 3647 2343 3711 Museo
2385 3646 2742 3711 Borbonico
2803 3667 2943 3711 cum
3000 3647 3123 3711 hac

787 3747 1234 3831 inscriptione:

938 3912 1585 3977 ΑΠΟΛΛΩΝῙΟΣ
1621 3914 1976 3977 ΑΡΧῙΟΥ
2010 3916 2509 4012 ΑΘΗΝΑΙΟΣ
2546 3917 2982 3980 ΕΠΟΗΣΕΝ

789 4086 867 4151 V.
912 4084 1436 4150 Winckelmanni
1482 4083 1670 4169 Oper.
1719 4088 1793 4150 T.
1840 4088 1925 4151 II.
1971 4109 2033 4171 p.
2082 4090 2160 4152 58
2207 4088 2282 4153 V.
2329 4110 2391 4172 p.
2439 4090 2581 4153 589.
2628 4086 2729 4152 ed.
2775 4087 3015 4171 Meyeri
3059 4092 3126 4151 et

790 4187 1089 4268 Schulzii,
1137 4192 1201 4250 61
1244 4187 1476 4270 Silligii
1520 4190 1706 4254 catal.
1754 4188 1972 4254 artific.
2023 4213 2088 4275 p.
2139 4194 2237 4256 78.

959 4289 1156 4353 Porro
1200 4289 1267 4352 in
1300 4311 1429 4355 una
1471 4291 1670 4373 ipsius
1698 4292 1996 4373 porticus,
2044 4314 2208 4376 quae
2238 4293 2322 4358 ad
2365 4293 2691 4357 introitum
2735 4291 2922 4356 huius
2952 4288 3121 4355 aedi·

787 4390 912 4456 ficii
957 4397 1278 4456 exstructa
1321 4398 1436 4473 681,
1483 4394 1779 4457 columna
1813 4395 2076 4460 inventa
2120 4403 2215 4460 681
2255 4395 2582 4477 inscriptio
2625 4394 2816 4459 haec:
