3499 5219
1725 342 2051 404 —256
2140 376 2270 383 ———-

821 534 1011 598 quam
1080 532 1162 579 ex
1218 511 1547 595 Stephano
1605 511 1873 597 Byzant.
1929 532 1990 577 v.
2051 507 2278 574 Πέλλα
2335 508 2764 588 Μακεδονίας
2820 507 3164 592 Βουνόμος-

819 614 897 679 τὸ
943 612 1266 699 πρότερον
1333 613 1623 678 ἐκαλεῖτο
1681 612 1791 679 καὶ
1835 608 2243 694 Βουνομείαε
2296 614 2469 681 unde
2526 616 2767 681 nemini
2827 617 3156 682 obscurum

821 739 963 787 esse
1006 724 1256 802 poterat
1300 716 1490 783 etiam
1534 736 1677 782 eam
1720 718 1804 782 ab
1848 737 2108 784 causam
2152 718 2257 785 hic
2300 718 2425 783 dici
2453 719 2784 784 Pellaeum
2827 739 2944 803 pro
2972 720 3158 785 Alex-

820 821 1054 902 andro,
1112 826 1181 884 ut
1237 819 1432 884 mirus
1486 818 1694 901 favor,
1769 840 1893 902 quo
1948 820 2062 885 ille
2129 818 2405 904 Apidem
2462 827 2835 903 prosecutus
2905 828 3041 886 erat
3090 822 3157 885 in

821 926 1139 1007 Aegypto,
1187 941 1268 987 ex
1296 921 1567 1004 pristina
1594 921 2027 987 familiaritate
2057 922 2500 1005 explicaretur,
2534 941 2699 1005 quae
2728 922 3160 988 intercessisse

821 1024 1162 1090 videbatur
1202 1024 1370 1088 inter
1411 1023 1852 1088 Alexandrum
1897 1030 1961 1089 et
2002 1023 2354 1106 municipes
2374 1021 2555 1104 fsuos‚
2603 1025 2804 1091 boves
2847 1025 3157 1105 PellaeoS‚

820 1127 1016 1192 fortes
1057 1126 1204 1190 illos
1232 1132 1424 1208 atque
1466 1124 1766 1207 grandes,
1832 1125 2139 1191 Videmus
2180 1125 2371 1207 igitur
2412 1125 2671 1192 atheum
2712 1126 2899 1190 illum
2944 1145 3159 1190 omnes

825 1228 998 1310 deos,
1045 1234 1109 1293 et
1154 1227 1541 1292 Graecorum
1586 1235 1649 1293 et
1692 1227 2175 1311 Aegyptiorum,
2234 1233 2345 1290 aut
2388 1228 2649 1291 omnino
2692 1248 2825 1293 non
2869 1246 3013 1293 esse
3055 1233 3158 1291 aut

823 1330 1125 1395 mortales
1186 1348 1327 1395 esse
1395 1328 1727 1412 putavisse
1784 1335 1974 1411 atque
2045 1329 2211 1393 hanc
2269 1329 2655 1394 sententiam
2715 1350 2845 1394 non
2920 1330 3158 1395 celasse

823 1431 1212 1516 superstites.

992 1751 1620 1820 COMMENTATIO
1677 1754 1796 1818 DE
1854 1751 2194 1819 DVOBVS
2253 1751 2779 1818 CALLIMACHI
2837 1752 3005 1817 EPI-

1734 1855 2256 1921 GRAMMATIS.

1975 2024 2024 2088 I.

992 2144 1182 2207 Anno
1232 2146 1412 2207 1756.
1457 2143 1621 2206 Dav.
1665 2143 2090 2209 Ruhnkenius
2118 2144 2285 2209 inter
2313 2143 2444 2207 alia
2472 2143 2559 2207 ad
2588 2145 2678 2207 Io.
2709 2143 2874 2226 Aug.
2908 2144 3154 2209 Ernesti

825 2244 1076 2328 scripsit
1128 2243 1249 2307 ita:
1324 2242 1538 2325 „Quid
1598 2265 1787 2327 porro
1831 2264 2055 2310 censes
2101 2244 2180 2310 de
2239 2245 2696 2328 epigrammate
2740 2245 3151 2323 [Callimachi]

824 2350 1139 2426 Εχᾶαίρω
1185 2341 1260 2407 τὸ
1305 2340 1563 2429 ποίημα
1618 2342 1694 2407 τὸ
1752 2343 2047 2410 κυκλικὸν
2093 2355 2210 2413 etc.
2299 2348 2436 2412 Hoc
2490 2348 2661 2413 idem
2719 2348 2818 2412 vir
2874 2349 3152 2430 egregius

825 2449 991 2527 [Tib.
1023 2447 1558 2525 Hemsterhusius]
1602 2448 1914 2514 insulsum
1959 2450 2328 2515 recentioris
2371 2457 2600 2533 poetae
2645 2451 2854 2515 lusum
2900 2449 3153 2517 credit.“

827 2550 903 2616 V.
961 2551 1124 2614 Dav.
1184 2549 1586 2632 Ruhnkenii,
1646 2550 1718 2615 L.
1781 2549 1849 2616 C.
1897 2550 2351 2617 Valckenaerii
2405 2558 2468 2617 et
2522 2552 2791 2616 aliorum
2847 2549 2934 2616 ad
2989 2552 3037 2616 Ι.
3081 2552 3149 2617 Α.

826 2650 1081 2717 Ernesti
1147 2650 1489 2734 epistolae;
1556 2671 1637 2716 ex
1701 2654 2117 2736 autographis
2174 2653 2375 2719 edidit
2429 2653 2480 2716 Ι.
2538 2654 2616 2718 Α.
2674 2654 2752 2718 Η.
2811 2655 3150 2721 Tittmann.

826 2754 999 2837 Lips.
1052 2755 1231 2818 1812.
1277 2772 1339 2834 p.
1387 2756 1486 2816 27.
1547 2753 1730 2818 Hanc
1775 2755 2139 2837 opinionem
2168 2755 2383 2820 ‚critici
2425 2755 2647 2820 batavi
2688 2755 2738 2819 I.
2787 2756 2863 2820 A.
2910 2756 3154 2821 Ernesti

825 2857 982 2939 ipse,
1051 2854 1157 2936 qui
1213 2851 1674 2919 Callimachum
1741 2855 1945 2921 edidit
2008 2877 2178 2921 anno
2254 2861 2466 2938 1761.‚
2534 2876 2617 2921 ne
2671 2876 3153 2924 commemorare

828 2956 1085 3039 quidem
1130 2956 1431 3038 dignatus
1476 2964 1588 3039 est,
1636 2956 2127 3038 Blomfieldium,
2174 2959 2351 3023 cuius
2382 2956 2577 3024 editio
2605 2957 2842 3041 prodiit
2870 2959 3154 3024 Londino

833 3062 1033 3139 1815„
1078 3058 1369 3123 latitasse
1413 3079 1543 3122 non
1571 3059 1892 3123 miramur.
1954 3059 2302 3125 Videamus
2329 3060 2520 3142 igitur
2549 3061 2759 3143 ipsum
2790 3059 3156 3126 Callimachi

827 3161 1247 3244 epigramma,
1309 3159 1478 3242 quod
1536 3161 1604 3224 in
1659 3161 1940 3226 editione
1984 3162 2367 3227 Ernestiana
2427 3168 2524 3226 est
2567 3162 2796 3243 XXX,
2841 3162 2911 3226 in
2955 3163 3156 3226 Blom-

825 3261 1128 3327 fieldiana
1185 3260 1542 3344 XXVIIII;
1616 3262 1684 3326 in
1738 3264 2129 3346 Anthologia
2183 3263 2479 3327 Palatina
2536 3263 2697 3344 XII,
2763 3268 2863 3329 43.
2925 3266 3022 3344 (Τ.
3076 3263 3154 3327 II.

825 3386 889 3448 p.
936 3367 1079 3428 462.
1124 3362 1278 3437 Iac)
1324 3362 1521 3426 habet
1561 3363 1679 3427 ita:

1059 3478 1375 3559 Ἔχθαίρω
1419 3479 1488 3541 τὸ
1534 3481 1769 3559 ποίημα
1813 3480 1881 3542 τὸ
1929 3480 2227 3555 κυκὶικόν,
2276 3478 2417 3542 ουδὲ
2461 3480 2735 3566 κελεύθῳ

1161 3565 1403 3646 X'aepQ
1446 3564 1539 3637 τίς
1582 3565 1845 3637 πολλοὺς
1887 3556 2006 3626 ωδε
2053 3569 2154 3627 και
2198 3556 2316 3629 ὧδε
2335 3566 2559 3671 φέρει·

972 3729 978 3737 ·
1070 3651 1261 3712 Μισιῦ
1307 3672 1403 3709 και
1450 3651 1821 3755 περίφοιτον
1848 3649 2167 3731 ἐρώμενον,
2213 3646 2350 3712 ov'c'
2400 3649 2519 3713 ἀπὸ
2565 3650 2790 3734 κρήνης

1162 3733 1360 3809 Illuc),
1407 3736 1692 3814 σικχαίνω
1738 3731 1936 3797 πάντα
1981 3735 2057 3796 τὰ
2106 3734 2390 3816 δνμόσια.

1068 3821 1382 3897 Λυσανιή,
1428 3818 1503 3880 σὺ
1548 3819 1615 3881 δὲ
1661 3821 1815 3899 ναίχι
1862 3819 2062 3900 καλός,
2109 3818 2318 3894 καὶός·
2368 3818 2523 3882 ἀλλὰ
2567 3822 2710 3903 πρὶν
2751 3822 2935 3883 εἷπεῖν

1167 3909 1370 3965 Τοῦτο
1414 3912 1652 3988 σαφῶς,
1698 3902 1826 3983 ἠχώ
1873 3907 2030 3989 φησί
2068 3927 2187 3978 τις·
2236 3903 2419 3979 ἄλλος
2462 3904 2595 3985 ἔχει.

827 4026 906 4089 In
931 4023 1323 4105 Anthologia
1351 4024 1649 4091 Palatina
1691 4028 1998 4092 insertum
2028 4046 2283 4092 carmen
2325 4033 2422 4092 est
2465 4026 2543 4111 τῇ
2589 4025 2863 4111 παιδικῇ
2898 4022 3150 4108 Μούσῃ,

809 4132 897 4191 ,ut
939 4124 1257 4210 Lysanias
1298 4126 1440 4209 ille,
1511 4128 1618 4210 qui
1662 4135 2186 4194 commemoratur
2228 4150 2287 4193 v.
2335 4135 2413 4210 5.,
2461 4126 2840 4193 Callimachi
2882 4125 3152 4193 παιδικὰ

964 4297 1000 4360 ¹)
1036 4296 1094 4346 V.
1132 4297 1360 4348 Hecker:
1396 4299 1478 4348 Fr.
1517 4297 1875 4362 Anthologian.
1913 4314 1962 4363 p.
1989 4300 2102 4350 265.
