3499 5219
1303 472 1436 482 -m
1529 435 1646 499 143
1734 472 1871 478 -—

415 604 777 674 reverentia
810 625 963 672 usus
992 624 1136 671 esse
1163 602 1457 669 videatur
1482 602 1784 670 Horatius
1824 604 1893 668 in
1935 602 2248 670 tradendo
2292 605 2574 672 carmine
2616 628 2752 676 sae-

415 709 636 775 culari.
706 708 855 773 Non
897 707 1068 772 enim
1111 705 1357 772 scribit:
1403 705 1623 770 Iussus
1665 704 1748 770 ab
1792 706 1933 789 ipso
1969 705 2244 773 Caesare
2286 726 2543 773 carmen
2587 728 2750 775 com-

414 811 602 897 posui
643 810 813 893 quod
854 828 1026 874 nunc
1056 807 1175 873 tibi
1201 807 1406 888 trado,
1451 807 1823 891 Maecenas3
1866 807 1983 873 sed
2012 828 2141 873 uno
2169 809 2364 874 verbo
2394 808 2747 882 Poseimur,
2834 884 2839 888 .

412 914 592 980 velut
632 912 811 977 aliud
852 929 1054 993 agens
1095 916 1288 992 atque
1329 909 1538 993 lyram
1554 956 1572 990 ,
1628 930 1759 975 non
1814 908 2094 976 fautores
2141 929 2290 976 suos
2333 913 2747 995 compellans,

412 1022 577 1081 tecte
617 1014 741 1079 hoc
780 1012 1042 1078 indicat.
1134 1008 1391 1076 Deinde
1441 1010 1650 1093 ipsum
1704 1011 2034 1077 saeculare
2087 1031 2345 1077 carmen
2398 1013 2748 1081 rectissime

411 1119 496 1184 ab
551 1137 628 1183 eo
684 1114 811 1180 dici
862 1113 1069 1198 potuit
1123 1113 1380 1174 latinmn
1428 1132 1676 1174 carmen
1729 1114 1773 1177 i.
1819 1133 1874 1178 e.
1919 1133 2072 1179 vere
2112 1134 2476 1179 romanum:
2536 1115 2749 1198 „Ludi

411 1220 582 1286 enim
623 1217 1004 1297 saeculares,
1049 1214 1142 1280 sic
1168 1213 1514 1280 scholiasta
1544 1213 1959 1297 Cruquianus,
2005 1236 2121 1299 per
2149 1223 2402 1282 centum
2432 1223 2495 1283 et
2526 1217 2747 1284 decem

408 1341 614 1389 annos
654 1318 1143 1386 celebrabantur
1170 1351 1256 1362 —
1283 1317 1646 1409 saeculares
1686 1323 1900 1382 autem
1945 1318 2117 1399 quod
2157 1339 2200 1382 a
2241 1318 2445 1401 primo
2489 1321 2746 1385 saeculo

406 1424 451 1489 i.
495 1443 551 1489 e.
595 1424 678 1489 ab
722 1420 967 1503 origine
994 1420 1323 1484 Romanae
1349 1417 1563 1500 gentis
1592 1419 1831 1502 reperti
1874 1426 1936 1484 et
1977 1418 2249 1484 instituti
2292 1427 2458 1499 sunt,
2504 1421 2745 1488 scilicet

409 1548 450 1592 a
478 1525 692 1591 Numa
715 1521 1051 1605 Pompilio,
1096 1540 1137 1585 a
1179 1539 1302 1602 quo
1336 1520 1643 1586 Romanis
1684 1527 1831 1603 post
1871 1528 2124 1586 centum
2168 1511 2232 1586 et
2275 1520 2495 1587 decem
2537 1543 2744 1589 annos

407 1645 662 1710 semper
701 1626 770 1689 in
813 1643 932 1689 usu
973 1620 1213 1689 fuere.“
1298 1620 1498 1703 Quid,
1559 1621 1728 1704 quod
1783 1623 1908 1705 ipsi
1951 1642 2171 1689 versus
2214 1622 2546 1707 Sibyllini,
2607 1631 2741 1689 tum

321 1758 350 1783 ι
404 1727 708 1812 temporis
776 1726 882 1790 vel
939 1722 1272 1807 compositi
1325 1725 1430 1789 vel
1485 1723 1759 1807 inspecti
1774 1772 1791 1806 ,
1863 1725 1995 1789 tale
2065 1744 2321 1789 carmen
2392 1727 2738 1808 saeculare,

404 1831 575 1913 quod
619 1833 954 1895 suaserunt
996 1824 1505 1909 componendum
1550 1846 1711 1906 esse,
1760 1825 2057 1891 dixerunt
2085 1825 2358 1900 latinum,
2391 1832 2740 1906 Λατίνους

403 1936 720 2009 παιᾶνας,
750 1928 925 2013 apud
944 1927 1263 1993 Zosimum
1287 1928 1372 2009 II,
1398 1931 1467 1992 6:
1513 1923 1714 1991 αὐτὸν
1742 1923 2242 2013 παραθήσομαι
2272 1926 2388 1992 τὸν
2412 1927 2738 2017 Σιβύλλης

399 2031 698 2121 χρησμὸν
745 2027 871 2117 ἤδη
918 2026 1055 2115 πρὸ
1101 2024 1287 2114 ἡμῶν
1332 2024 1489 2115 παρ’
1539 2027 1788 2112 ἑτέρων
1831 2025 2276 2115 ἅνηνεγμένον

1213 2131 1329 2195 καὶ
1371 2127 1760 2212 ἀειδόμενοί
1801 2153 1873 2194 τε
1920 2136 2287 2195 Λατῖνοι

731 2234 1171 2309 Παιᾶνες’)
1219 2226 1486 2318 κούροις
1532 2229 1816 2318 κούρησί
1855 2256 1929 2297 τε
1975 2230 2134 2319 νηὸν
2179 2230 2396 2313 ἔχοιεν

712 2332 1130 2400 Ἀθανάτων.

398 2436 645 2505 Eodem
698 2435 889 2502 modo
944 2437 1244 2519 leguntur
1299 2434 1475 2518 apud
1529 2434 1952 2518 Phlegontem
2002 2435 2400 2501 Trallianum
2459 2438 2542 2504 de
2598 2440 2734 2504 lon·

396 2560 583 2625 gaeV.
630 2543 688 2602 4.

477 2649 484 2654 “
567 2641 698 2708 Sed
752 2640 999 2707 accedit
1050 2640 1305 2705 tertium
1360 2639 1531 2722 quod
1585 2639 1887 2705 Horatius
1949 2640 2016 2705 in
2071 2640 2381 2724 carmine,
2456 2642 2538 2709 de
2608 2664 2731 2726 quo

395 2745 693 2826 dicimus,
750 2743 852 2809 his
893 2742 1088 2807 utitur
1128 2740 1367 2807 verbis:
1441 2761 1564 2824 age
1620 2738 1722 2805 dic
1776 2741 2078 2823 latinum,
2137 2742 2416 2824 barbite,
2472 2763 2731 2810 carmen

394 2846 565 2929 quod
608 2853 673 2911 et
714 2847 778 2907 in
819 2844 981 2907 lzzme
1023 2864 1246 2907 annum
1287 2844 1458 2905 vivat
1495 2852 1556 2904 et
1591 2844 1827 2927 plures,
1903 2844 2088 2908 Hunc
2124 2844 2292 2909 enim
2321 2864 2559 2926 annum
2589 2846 2730 2912 sine

394 2948 587 3014 dubio
633 2947 786 3012 dicit
829 2947 1257 3029 saecularem,
1314 2945 1542 3027 quibus
1601 2943 1752 3008 dum
1809 2943 1990 3009 addit
2046 2954 2108 3006 et
2152 2946 2215 3006 in
2251 2946 2471 3029 plures
2513 2967 2722 3020 annos,

391 3050 673 3134 speravit
743 3069 925 3114 suum
996 3067 1251 3113 carmen
1324 3046 1513 3112 simul
1585 3066 1726 3111 cum
1798 3045 2237 3112 recordatione
2307 3048 2727 3113 saecularium

389 3152 681 3217 ludorum
752 3150 840 3215 ad
909 3150 1347 3233 posteritatem
1417 3167 1561 3213 esse
1629 3154 2080 3231 perventurum
2166 3147 2455 3214 similiter
2535 3156 2727 3232 atque

386 3254 550 3319 illud
605 3254 689 3318 M.
734 3253 902 3317 Livii
943 3250 1295 3317 Andronici
1348 3269 1605 3315 carmen
1662 3248 1831 3331 quod
1888 3249 2306 3332 compositum
2359 3250 2428 3315 in
2484 3265 2724 3317 annum

391 3355 466 3421 V.
499 3355 569 3421 C.
603 3354 990 3420 DXXXXV
1033 3352 1226 3420 etiam
1267 3353 1344 3417 Τ.
1389 3351 1558 3416 Livii
1600 3358 1814 3416 aetate
1855 3357 2175 3433 superstes
2221 3359 2373 3434 erat,
2420 3354 2529 3416 illa
2574 3363 2723 3416 tem-

382 3466 626 3542 pestate
671 3455 963 3537 forsitan
1019 3454 1327 3517 laudabile
1382 3452 1639 3515 rudibus
1694 3454 1984 3534 inqeniels,
2049 3474 2209 3515 mmo
2264 3454 2612 3518 adhorrens
2662 3467 2727 3518 et

386 3559 761 3621 inconditum
802 3558 863 3618 si
900 3554 1277 3638 referretur.
1368 3554 1529 3633 (Liv.
1575 3554 1853 3630 XXVII,
1901 3559 2027 3632 37.)
2116 3555 2282 3634 Quid
2325 3563 2538 3622 autem
2581 3558 2721 3641 ipse

385 3660 684 3726 Horatius
739 3657 1011 3724 senserit
1066 3657 1150 3723 de
1192 3657 1504 3723 saeculari
1546 3656 1829 3723 carmine
1871 3676 1983 3722 suo
2028 3664 2276 3724 constat
2319 3679 2402 3724 ex
2445 3658 2720 3726 Carmin.

385 3761 494 3843 IV,
543 3765 602 3843 6,
649 3764 729 3825 29
776 3779 869 3842 sq.

875 3879 1155 3956 Spiritum
1198 3878 1474 3938 Phoebus
1517 3877 1676 3958 mihi,
1725 3877 2000 3939 Phoebus
2044 3884 2229 3939 artem

874 3964 1158 4024 Carminis
1201 3981 1529 4039 nomenque
1572 3964 1735 4023 dedit
1777 3967 2005 4041 poetae.

873 4049 1181 4126 Virginum
1223 4048 1447 4125 primae
1490 4050 1781 4125 puerique
1827 4049 2002 4109 claris

1038 4134 1314 4194 Patribus
1356 4132 1491 4213 orti,

515 4303 550 4367 ¹)
588 4303 674 4353 Sic
709 4307 842 4352 recte
878 4300 1106 4366 Phlegon
1142 4299 1445 4353 Trallianus,
1513 4300 1742 4350 Zosimus
1790 4298 1943 4350 habet
1987 4300 2250 4358 παιᾶνας,
2303 4301 2436 4364 quod
2471 4302 2580 4351 iure
2615 4300 2710 4350 im-

377 4389 678 4454 probaverat
710 4386 959 4453 Heynius.
