3499 5219
1541 1314 2254 1382 ADDITAMENTUM
2295 1316 2347 1380 Ι.

1701 1452 1768 1501 ad
1801 1468 1855 1517 p.
1891 1454 1956 1507 23
1994 1457 2100 1501 not.
2141 1453 2186 1503 1.

939 1573 1379 1636 Michelsenius
1405 1573 1544 1633 olim
1564 1576 1786 1650 noster,
1809 1572 1953 1632 artis
1974 1571 2383 1649 diplomaticae
2419 1575 2479 1631 et
2512 1571 2794 1632 historiae
2828 1572 3117 1650 thuringi-

773 1679 880 1722 cae
901 1659 1309 1738 peritissimus,
1331 1659 1478 1719 haec
1499 1657 1723 1718 addidit
1744 1658 1818 1716 de
1843 1657 2019 1717 armis
2043 1657 2300 1733 Stigelii:
2346 1657 2501 1736 „Die
2524 1658 2876 1718 Barentatze
2902 1662 3117 1736 (pattes

772 1743 995 1818 d’ours)
1040 1744 1429 1821 reprasentirt
1470 1744 1585 1803 den
1628 1744 1855 1821 Baren‚
1929 1742 2039 1801 wie
2084 1742 2178 1801 die
2219 1742 2396 1801 Hand
2452 1742 2566 1801 den
2610 1743 2932 1803 Menschen
2989 1744 3118 1802 dar-

773 1830 952 1891 stellt.
1024 1831 1138 1890 Die
1183 1827 1492 1906 Symbolik
1535 1829 1641 1889 des
1682 1830 1880 1887 Bar-en
1923 1826 2072 1885 wird
2116 1828 2261 1887 aber
2301 1827 2361 1886 in
2406 1827 2514 1886 der
2556 1827 2784 1888 alteren
2828 1827 3120 1889 Heraldik

773 1914 1163 1976 verschieden
1206 1915 1506 1992 gedeutet.
1589 1914 1727 1991 Vgl.
1775 1912 2005 1990 Spener
2048 1930 2107 1988 p.
2158 1915 2310 1973 239:
2358 1911 2681 1991 „Symbola
2726 1915 2831 1991 (sc.
2862 1915 2924 1974 in
2953 1912 3117 1987 urso)

773 2018 919 2060 vero
961 2000 1132 2060 varia
1174 2002 1487 2075 quaerunt.
1572 1998 1704 2058 Ioh.
1755 2000 1829 2058 de
1869 1996 2047 2056 Bado
2094 2013 2283 2057 aureo
2327 1997 2430 2056 dat
2482 2015 2684 2057 ursum
2740 1998 2881 2059 forti
2934 1998 3120 2058 bella-

774 2170 982 2231 solerti
1023 2174 1127 2230 aut
1169 2170 1343 2229 etiam
1384 2167 1728 2229 iracundo.“
1802 2169 1897 2226 Ex
1939 2166 2030 2226 his
2073 2167 2253 2244 igitur
2295 2167 2477 2243 eligat
2516 2167 2628 2227 sibi
2672 2169 2923 2246 quisque
2959 2168 3123 2245 quod

775 2255 1085 2332 placuerit.

1527 2503 2239 2569 ADDITAMENTUM
2281 2504 2366 2568 Π.

1816 2639 1879 2689 ad
1914 2657 1967 2706 p.
2005 2643 2086 2692 24.

948 2761 1292 2824 Ludovicus
1320 2760 1570 2821 Hessius
1612 2762 1979 2822 archivarius
2023 2762 2387 2822 doctissimus
2415 2762 2941 2841 Rudolstadiensis,
2987 2761 3126 2821 olim

780 2847 1012 2923 collega
1054 2865 1252 2925 meus,
1314 2865 1387 2905 ex
1431 2847 1631 2907 codice
1675 2847 2072 2924 manuscripto
2115 2847 2454 2907 Monacensi
2511 2843 2603 2925 (C.
2649 2847 2946 2909 Bruschii
2986 2864 3126 2923 poe-

779 2935 998 2992 matum
1041 2932 1178 2992 libri
1219 2931 1363 3005 1111)
1407 2929 1556 2992 haec
1600 2932 2021 3008 epigrammata
2063 2950 2289 2991 mecum
2345 2932 2817 3012 communicavit,
2876 2949 3127 3008 quorum

780 3035 964 3077 unum
1007 3020 1098 3075 est
1140 3015 1402 3095 Stigelii‚
1459 3020 1660 3076 cetera
1702 3021 1838 3076 sunt
1880 3017 2153 3077 Bruschii
2167 3062 2184 3096 ‚
2242 3018 2447 3078 lascivi
2491 3018 2737 3078 hominis
2782 3020 2842 3077 et
2882 3035 3002 3077 non
3044 3015 3127 3075 ita

780 3101 959 3181 docti,
1003 3101 1077 3159 de
1123 3119 1241 3177 quo
1282 3120 1341 3160 v.
1388 3120 1447 3177 p.
1500 3106 1593 3161 12.
1644 3106 1743 3162 22.
1794 3107 1893 3162 24.

779 3254 845 3317 p.
890 3237 950 3298 2.
1035 3232 1305 3296 Ioannes
1350 3233 1646 3317 Stiqelius
1686 3241 1880 3318 poeta
1922 3255 1963 3298 a
2007 3233 2237 3298 Carolo
2282 3234 2358 3298 V.
2406 3234 2569 3318 Imp.
2613 3235 2901 3320 Augusto
2944 3239 3124 3305 nobi·

928 3317 1181 3384 litatus:
1227 3317 1309 3384 de
1352 3319 1644 3384 Bruschii
1687 3320 2087 3401 poematibus
2132 3317 2219 3383 ad
2260 3318 2635 3383 Bruschium
2678 3330 2968 3404 poetam:

1087 3439 1164 3499 Vi
1205 3457 1324 3499 non
1366 3439 1572 3499 Martis
1615 3444 1793 3516 egent
1834 3439 2021 3499 nostri
2061 3443 2164 3498 tua
2208 3438 2483 3518 carmina,
2526 3441 2798 3523 Bruschi‚

1174 3523 1339 3597 Quae
1383 3525 1624 3601 proprio
1669 3525 1890 3584 affatim
1934 3526 2122 3584 Marte
2166 3524 2405 3601 placere
2451 3528 2708 3601 queunt:

1090 3607 1188 3669 Sic
1230 3608 1468 3668 fuerant
1507 3613 1708 3669 nostro
1752 3629 1868 3669 non
1913 3613 2137 3668 tantum
2180 3609 2359 3685 digna
2403 3609 2627 3691 favore,

1172 3693 1374 3770 Digna
1416 3695 1521 3753 sed
1564 3699 1628 3753 ut
1670 3698 1913 3771 possent
1955 3694 2051 3753 hic
2095 3697 2153 3753 et
2194 3694 2416 3769 ubique
2458 3696 2599 3772 legi.

1090 3779 1238 3839 Cum
1280 3780 1386 3839 sed
1430 3779 1717 3838 amicitiae
1762 3780 1957 3838 limam
1999 3779 2226 3838 ratione
2270 3779 2543 3856 requiras

1172 3864 1303 3924 Hoc
1346 3882 1599 3924 censura
1640 3868 1836 3941 potest
1877 3863 2074 3923 dicere
2118 3867 2338 3943 nostra,
2385 3864 2650 3925 Placent.

1088 3948 1204 4007 Hei
1245 3953 1495 4026 pereant
1536 3949 1670 4027 ipsi,
1716 3950 1767 4009 si
1810 3949 2067 4009 scribant
2110 3948 2303 4028 foeda,
2347 3950 2639 4030 Marones,

1176 4035 1475 4110 Ingenuus
1518 4038 1685 4093 vates
1730 4035 1873 4094 utile
1917 4033 2136 4093 scribat
2177 4052 2344 4111 opus.

1090 4117 1262 4192 Quod
1307 4119 1447 4196 quia
1486 4122 1552 4177 tu
1595 4118 1821 4196 patriae
1863 4122 2151 4197 praestas,
2195 4119 2511 4179 cultissime
2553 4120 2840 4201 Bruschi‚⁸

1174 4204 1303 4263 Hac
1344 4204 1551 4263 merito
1594 4205 1830 4263 laudem
1871 4223 1981 4281 pro
2025 4204 2244 4280 pietate
2288 4204 2497 4265 refers.

1091 4288 1339 4350 Piniferi
1383 4292 1636 4366 quatuor
1679 4290 1818 4348 dum
1860 4288 2120 4349 fontibus
2163 4293 2335 4348 antra
2376 4291 2669 4351 sonabunt

1176 4373 1407 4451 Ingenii
1446 4373 1669 4452 poteris
1711 4393 1923 4435 nomen
1966 4373 2187 4434 habere
2229 4375 2334 4434 tui.
