3499 5219
1352 435 1413 439 „ff
1576 402 1612 463 7
1761 436 1838 445 -s

721 567 920 626 Gotha
960 567 1100 629 mihi
1147 569 1311 629 testis
1355 569 1531 629 studii
1579 574 1636 628 et
1682 570 1927 647 puerilis
1971 572 2207 633 alumna

807 652 1037 729 Ingenii
1081 653 1239 712 dulci
1285 653 1431 712 fovit
1474 654 1660 717 amica
1703 656 1856 733 sinu,

722 737 916 796 Gotha
957 734 1097 796 mihi
1140 737 1333 815 patria
1379 742 1467 798 est
1509 739 1677 799 flavis
1720 741 2018 800 uberrima
2063 743 2302 819 campis,

807 821 971 894 Quae
1015 826 1187 883 vetus
1233 842 1269 882 a
1313 823 1520 884 Gothis
1562 824 1787 884 incluta
1829 844 2042 885 nomen
2088 826 2284 905 habet,

718 906 980 983 Ingeniis
1023 907 1189 986 felix,
1235 908 1326 968 his
1370 908 1421 968 si
1465 908 1706 969 fortuna
1747 910 1997 987 faveret,

800 992 915 1051 Hei
959 993 1098 1053 mihi
1142 1011 1299 1055 nunc
1341 994 1563 1054 animos
1606 995 1814 1057 Martis
1856 997 1934 1055 ad
1975 1015 2139 1055 arma
2183 1001 2372 1073 parat.

714 1077 848 1136 Illic
892 1081 952 1137 et
995 1078 1154 1154 repsi
1196 1097 1348 1155 puer
1393 1083 1450 1138 et
1492 1079 1746 1155 puerilia
1789 1080 1912 1139 vixi

801 1159 936 1221 Otia
980 1181 1134 1239 quae
1180 1163 1338 1223 curis
1383 1167 1441 1222 et
1484 1165 1778 1240 gravitate
1824 1169 2047 1242 carent,

714 1247 906 1324 Illinc,
954 1265 1135 1323 quum
1178 1248 1435 1307 facerem
1478 1249 1665 1325 primo
1710 1250 1858 1309 rude
1904 1268 2138 1309 carmen
2185 1268 2380 1311 amore

798 1333 874 1390 Et
917 1334 1197 1408 loquerer
1239 1333 1427 1393 doctis
1469 1334 1654 1393 verba
1695 1335 1948 1410 probata
1989 1334 2206 1413 choris,

713 1417 794 1476 Vt
836 1435 1108 1493 caperem
1152 1418 1373 1494 ingenii
1415 1418 1608 1478 studio
1650 1437 1771 1479 non
1816 1420 2079 1507 simplice
2124 1420 2345 1479 cultum

795 1503 994 1563 Mittor
1038 1503 1116 1563 ad
1159 1503 1444 1563 Albiacae
1489 1503 1663 1563 docta
1705 1505 1940 1564 theatra
1981 1503 2239 1565 scholae.

577 1618 827 1683 Gotlnae
869 1639 1021 1685 usus
1067 1625 1163 1684 est
1217 1618 1560 1703 disciplina
1617 1621 1877 1703 egregia
1914 1620 2143 1685 Basilii
2186 1619 2510 1703 Mouneri,
2568 1616 2786 1705 primi'

398 1720 741 1804 Gymnasii
796 1719 1077 1786 Gothani
1134 1722 1425 1803 rectoris,
1502 1721 1610 1804 qui
1665 1729 1893 1805 postea
1947 1722 2170 1787 Ienam
2225 1728 2488 1787 vocatus
2531 1729 2630 1788 est
2669 1723 2757 1789 ad

394 1822 962 1905 iurisprudentiam
1004 1823 1262 1905 publice
1307 1822 1682 1888 docendam.
1753 1822 1859 1889 Ad
1901 1824 2072 1889 hunc
2114 1824 2391 1907 pertinet
2418 1824 2601 1907 Eleg.
2633 1823 2754 1907 III,

396 1928 505 2005 35,
524 1927 565 2000 ¹)
611 1943 801 2006 quam
831 1924 1085 2007 scripsit
1113 1924 1416 2006 Stigelius
1446 1944 1638 2006 quum
1666 1924 2054 2008 Vitebergae
2083 1924 2312 1992 studiis
2340 1927 2750 2008 incumberet,

400 2046 481 2091 ex
527 2047 654 2108 qua
695 2027 813 2091 hos
856 2027 1206 2091 versiculos
1250 2045 1577 2109 apponere
1619 2026 1895 2092 iuvabit:

706 2146 821 2219 Qui
864 2146 1003 2205 mihi
1045 2146 1160 2205 iam
1205 2147 1407 2223 primis
1448 2146 1651 2207 fueras
1694 2151 2052 2223 praeceptor
2094 2147 2168 2207 ab
2212 2146 2403 2226 aunis,

790 2233 987 2291 Prima
1028 2235 1165 2291 tuae
1210 2232 1347 2291 fidei
1391 2231 1618 2291 eredita
1660 2250 1806 2292 cura
1848 2231 1954 2291 fui.

391 2348 602 2427 Quam
673 2349 1071 2414 familiariter
1140 2354 1367 2431 postea
1423 2348 1620 2413 Ienae
1688 2367 1831 2413 cum
1889 2368 1964 2413 eo
2023 2348 2256 2417 vixerit
2310 2354 2624 2414 testantur
2680 2349 2749 2415 hi

393 2469 618 2516 versus
635 2475 649 2515 ε
665 2453 709 2527 ²)

889 2572 1187 2630 Musarum
1232 2570 1413 2630 Basili
1457 2570 1639 2631 decus
1682 2569 1931 2650 piarum,

884 2658 1187 2732 Interpres
1230 2656 1394 2715 dubii
1436 2656 1655 2715 diserte
1698 2656 1864 2733 iuris,

886 2741 947 2800 si
991 2758 1169 2799 curru
1216 2741 1440 2816 poteris
1481 2745 1583 2800 tuo
1627 2759 1864 2818 vacare,

884 2827 1041 2884 Dum
1083 2844 1174 2884 me
1220 2825 1553 2900 zythificam
1597 2826 1820 2886 vehens
1864 2826 1940 2884 ad
1985 2824 2187 2887 Orlam

881 2912 1192 2988 Deportat,
1237 2929 1384 2987 rogo
1428 2914 1486 2969 te
1531 2911 1671 2969 mihi
1714 2910 2028 2987 aurigandi

883 2996 1017 3054 Fiat
1058 3014 1207 3071 pace
1250 2999 1354 3054 tua
1397 2995 1606 3055 favens
1648 2998 1929 3071 potestas.

882 3079 1105 3152 Quodsi
1147 3085 1211 3139 tu
1253 3079 1552 3140 addideris
1595 3098 1827 3157 preces,
1870 3079 2075 3139 redibo

881 3165 1120 3241 Integro
1164 3183 1366 3242 curru,
1409 3164 1515 3225 tibi
1557 3165 1881 3241 gratiarum

879 3252 1159 3325 Ingentes
1203 3250 1472 3309 referens
1515 3267 1822 3331 agensque
1868 3251 2113 3309 montes.

878 3336 948 3393 Id
988 3339 1150 3394 recte
1196 3338 1260 3393 ut
1303 3333 1431 3393 fieri
1476 3338 1676 3412 queat,
1722 3352 2064 3411 precemur:

873 3421 932 3479 Is
976 3438 1082 3478 nos
1125 3419 1446 3479 incolumes
1490 3424 1662 3495 regat
1705 3419 2045 3496 redemptae

878 3503 992 3576 Qui
1036 3522 1143 3563 nos
1188 3504 1324 3563 hinc
1366 3504 1528 3564 vehit
1570 3504 1631 3564 in
1673 3504 1949 3564 thronum
1992 3503 2216 3564 salutis.

552 3619 782 3685 Adhuc
824 3641 983 3705 puer
1024 3621 1093 3685 in
1135 3620 1428 3684 notitiam
1472 3620 1648 3685 venit
1678 3619 1956 3685 Conradi
1998 3618 2265 3684 Mutiani
2297 3618 2523 3695 (Mudt)
2568 3620 2730 3703 Rufi,

380 3743 465 3787 ex
508 3722 685 3787 cuius
732 3721 1089 3807 disciplina,
1137 3728 1440 3804 tanquam
1485 3741 1567 3787 ex
1611 3741 1774 3804 equo
1817 3722 2083 3802 troiano,
2136 3719 2318 3783 multi
2361 3720 2732 3804 prodierunt

380 3824 502 3888 viri
544 3823 885 3909 principes.
966 3824 1032 3888 Is
1076 3824 1429 3906 Homburgi
1472 3825 1539 3888 in
1584 3823 1819 3888 Hassia
1859 3830 2067 3905 natus,
2111 3819 2420 3886 Friderici
2466 3822 2731 3907 Sapien-

381 3926 462 3990 tis
506 3926 778 4007 amicus,
853 3933 1079 4009 postea
1121 3926 1464 3992 canonicus
1508 3926 1625 3991 fuit
1670 3924 2035 4005 Gothanus,
2110 3920 2587 3989 laudatissimus
2629 3927 2729 3991 sui

376 4028 683 4111 temporis
723 4027 1205 4092 iurisconsultus
1249 4034 1313 4093 et
1367 4028 1822 4112 philosophus,
1881 4025 1988 4107 qui
2030 4024 2361 4090 Bononiae
2402 4025 2725 4109 Socinum,

376 4128 784 4193 Vincentium
869 4130 1232 4210 Paleotum,
1319 4129 1689 4213 Philippum
1762 4124 2147 4193 Beroaldum
2243 4132 2307 4191 et
2377 4127 2723 4192 Antonium

516 4351 549 4412 ¹)
586 4350 643 4400 T.
681 4350 747 4400 11.
788 4348 822 4400 f.
860 4351 956 4401 201
998 4365 1042 4400 v,
1181 4349 1217 4412 ²)
1256 4353 1314 4400 A.
1357 4351 1500 4401 1557.
1538 4347 1595 4397 Τ.
1634 4348 1675 4398 1.
1712 4346 1745 4395 f.
1784 4348 1882 4397 428
1919 4364 1963 4397 V.
