3499 5219
1262 447 1608 509 -145
1719 479 1836 487 --

375 632 503 694 qua
558 612 977 695 compositum
1032 619 1131 677 est
1187 631 1445 678 carmen
1500 612 1888 681 tricesimum
1929 612 2281 679 secundum
2324 614 2472 680 libri
2515 617 2723 697 primi.

375 714 656 779 Primum
698 713 891 797 igitur
932 716 1234 798 scriptum
1278 720 1376 779 est
1420 734 1676 780 carmen
1721 714 2080 793 saeculare,
2144 723 2370 798 postea
2424 717 2572 781 huic
2614 718 2723 783 ad·

371 815 607 881 iectum
652 835 908 882 carmen
951 816 1283 879 Poseimm·
1339 822 1403 880 et
1457 822 1767 898 tanquam
1823 815 2172 899 epistulare
2222 838 2365 882 cum
2409 819 2722 884 saeculari

374 917 656 983 carmine
712 919 979 984 missum
1020 917 1395 982 Maecenati.
1487 919 1672 980 Tum
1709 917 1966 982 demum
2023 938 2214 1001 quum
2272 939 2528 985 carmen
2586 940 2722 986 sae-

373 1021 591 1084 culare
653 1040 768 1085 suo
831 1021 1080 1107 ¹calculo
1146 1018 1480 1102 probasset
1533 1018 1857 1101 Augustus
1922 1027 2205 1085 secutum
2271 1027 2368 1087 est
2430 1040 2720 1088 carmen:

376 1120 545 1184 Dive
590 1141 767 1204 quem
800 1121 1020 1206 proles
1064 1119 1328 1182 Niobea.

547 1221 678 1287 Sed
733 1227 1017 1287 revertor
1077 1219 1163 1286 ad
1233 1220 1398 1285 illud
1468 1240 1727 1286 carmen
1799 1243 1840 1287 a
1895 1244 2018 1306 quo
2077 1243 2339 1290 exorsus
2395 1245 2554 1290 sum.
2642 1224 2719 1290 In

373 1324 551 1389 cuius
594 1324 819 1389 ultima
859 1324 1125 1407 stropha
1164 1329 1349 1407 turpe
1392 1323 1615 1388 vitium
1658 1322 1744 1388 ad
1788 1325 2204 1392 novissimum
2247 1326 2439 1393 etiam
2469 1333 2720 1411 tempus

374 1433 796 1510 propagatum
843 1432 980 1491 erat
1021 1446 1081 1490 V.
1135 1430 1243 1490 15:

1330 1547 1366 1590 ο
1409 1529 1678 1590 laborum

951 1615 1143 1673 Dulce
1187 1613 1441 1673 lenimen
1481 1613 1621 1673 mihi
1664 1632 1913 1690 cumque
1957 1614 2120 1674 salve

1325 1699 1458 1760 Rite
1503 1700 1757 1759 vocanti.

373 1832 453 1896 In
496 1831 725 1913 quibus
768 1831 983 1897 verbis
1025 1831 1554 1899 absurdissimum
1609 1831 1776 1896 illud
1831 1852 2116 1916 cumque,
2177 1832 2347 1914 quod
2401 1834 2493 1899 sic
2548 1834 2720 1900 nude

372 1933 458 1997 ab
512 1932 779 1998 Horatio
836 1933 1114 2015 positum
1168 1953 1299 1999 non
1354 1933 1709 2000 defendunt
1766 1933 1890 1999 nisi
1946 1932 2054 2016 qui
2117 1952 2313 2015 „osce
2374 1941 2439 2000 et
2502 1935 2720 2002 volsce

367 2034 740 2099 fabulantur
781 2054 973 2117 quum
1015 2035 1216 2102 latine
1258 2035 1614 2118 nesciant‚“
1656 2034 2022 2119 repudiavit
2063 2034 2336 2117 primum
2367 2036 2715 2122 Bentleius‚

372 2143 600 2220 postea
641 2157 774 2201 non
818 2156 960 2203 esse
1001 2138 1273 2202 latinum
1317 2136 1507 2204 evicit
1548 2137 2001 2202 Lachmannus
2042 2135 2129 2201 ad
2169 2136 2420 2203 Lucret.
2466 2158 2529 2222 p.
2573 2141 2714 2204 288.

373 2239 527 2322 Ipsa
573 2237 1051 2321 elegantissima
1091 2238 1496 2304 Lachmanni
1537 2239 1934 2304 coniectura:
1991 2237 2167 2301 dulce
2221 2239 2480 2301 lenimen
2507 2240 2717 2322 ‘medi-

372 2360 645 2423 enquoe,
690 2347 950 2423 recepta
994 2340 1187 2406 etiam
1230 2341 1312 2405 ab
1359 2340 1605 2406 editore
1646 2339 1970 2423 Lipsiensi
2013 2359 2074 2405 a.
2116 2338 2513 2422 MDCCCLI,
2558 2342 2717 2407 mul-

371 2447 504 2504 tum
547 2439 743 2506 habet
784 2462 909 2525 quo
953 2442 1212 2508 alliciat.
1300 2441 1537 2508 Verum
1578 2448 1795 2507 tamen
1840 2440 1967 2506 duo
2024 2447 2174 2507 sunt
2230 2461 2397 2525 quae
2452 2462 2557 2507 me
2605 2442 2716 2508 ad-

376 2540 614 2607 ducunt
667 2549 736 2607 ut
790 2564 920 2608 non
976 2543 1233 2609 credam
1278 2543 1370 2609 sic
1412 2549 1825 2628 persanatum
1869 2561 2012 2608 esse
2052 2542 2474 2609 Horatianum
2516 2545 2713 2611 ulcus.

371 2644 649 2709 Primum
696 2645 866 2711 enim
909 2666 1039 2710 non
1081 2666 1420 2729 possumus
1464 2664 1681 2711 carere
1721 2644 2101 2728 pronomine
2142 2645 2310 2709 mihi.
2398 2646 2577 2714 Haec
2620 2656 2718 2714 est

373 2747 546 2812 enim
604 2748 924 2813 sententia
979 2747 1263 2813 Horatii:
1336 2744 1434 2830 „O
1491 2747 1745 2813 testudo
1762 2795 1779 2830 ‚
1839 2767 2004 2829 quae
2056 2746 2319 2810 Phoebo
2375 2767 2445 2814 es
2502 2749 2712 2847 decue,

371 2847 542 2910 Iov-is
586 2847 862 2931 dapibus
903 2855 1119 2931 grata,
1176 2848 1356 2922 milri,
1418 2849 1673 2914 mortali
1729 2848 2003 2930 homini,
2064 2868 2134 2914 es
2191 2848 2378 2915 dulee
2432 2850 2716 2917 lenimen

369 2949 740 3032 laborum‚“
791 2949 860 3014 in
918 2949 1146 3032 quibus
1201 2956 1490 3034 apertum
1548 2957 1676 3032 est,
1742 2969 1815 3016 se
1867 2948 2336 3015 modestissime
2390 2971 2714 3035 opponere

371 3051 702 3116 Horatium
731 3051 992 3116 Phoebo
1038 3059 1102 3117 et
1143 3052 1314 3135 Iovi3
1359 3051 1706 3116 humanum
1751 3058 1847 3117 est
1890 3053 2061 3117 enim
2104 3051 2249 3135 lyra
2289 3053 2492 3119 lenire
2535 3054 2710 3118 labo-

369 3172 504 3233 res,
565 3153 673 3235 qui
715 3153 1087 3236 longissime
1129 3153 1364 3219 absunt
1405 3174 1447 3218 a
1487 3153 1622 3217 vita
1666 3153 1960 3235 deorum,
2021 3151 2305 3216 divinum
2356 3160 2453 3218 est
2492 3154 2713 3220 modu-

369 3254 717 3320 laminibus
786 3254 879 3319 uti
951 3261 1019 3319 ut
1090 3255 1219 3320 sint
1286 3262 1398 3320 aut
1470 3254 1683 3320 decori
1746 3260 1857 3319 aut
1907 3252 2262 3319 inserviant
2315 3255 2710 3321 iucunditati.

372 3356 663 3421 Alterum
720 3363 817 3422 est
872 3348 1073 3439 quod,
1148 3357 1203 3422 si
1270 3357 1498 3422 dicitur
1567 3356 1742 3418 dulce
1808 3356 2228 3440 medicumque
2282 3356 2543 3419 lenimen
2597 3358 2712 3438 (ita

370 3458 542 3524 enim
574 3458 714 3523 sine
745 3457 936 3523 dubio
967 3478 1103 3524 rem
1130 3458 1539 3524 intellexerat
1565 3457 2063 3538 Lachmannus),
2102 3457 2393 3523 lenimini
2421 3456 2711 3525 additum

370 3568 468 3626 est
511 3559 754 3643 aliquid
798 3579 921 3642 quo
965 3564 1137 3625 recte
1179 3578 1511 3643 possumus
1554 3578 1789 3639 carere,
1833 3559 2043 3641 ipsum
2076 3560 2246 3625 enim
2286 3560 2569 3627 lenimen
2612 3581 2709 3643 e0,

370 3662 540 3745 quod
586 3661 834 3745 mitigat
874 3659 1131 3726 labores
1175 3680 1251 3726 ac
1293 3667 1634 3743 temperat,
1695 3660 1892 3725 habet
1943 3660 2012 3726 in
2067 3681 2138 3726 se
2191 3660 2471 3744 aliquam
2513 3663 2711 3729 medi·

368 3764 599 3828 cinam.
701 3750 1000 3845 Aliquam
1057 3761 1194 3827 dixi
1247 3762 1566 3843 consult03
1638 3782 1789 3826 nam
1851 3762 1978 3845 ipsi
2037 3761 2293 3828 labores
2347 3766 2708 3830 mortalium

368 3871 507 3930 arte
564 3865 920 3930 mulcentur
972 3870 1218 3929 tantum
1282 3863 1350 3928 in
1406 3870 1655 3947 tempus
1711 3883 1789 3929 ac
1854 3864 2296 3946 sublevantur,
2368 3869 2499 3930 non
2569 3887 2707 3951 per·

369 3973 697 4032 sanantur.
796 3964 1007 4045 Quare
1062 3972 1127 4031 et
1180 3964 1562 4048 superfluum
1619 3964 1754 4030 fere
1807 3963 2062 4030 videtur
2130 3966 2427 4028 medicum
2499 3987 2708 4051 neque

370 4069 526 4134 satis
579 4067 1062 4133 accomodatum
1117 4067 1476 4133 sententiae
1530 4073 1781 4150 poetae.
1879 4067 2019 4149 Ego
2074 4085 2226 4132 vero
2283 4064 2504 4132 vitium
2554 4075 2706 4152 puto

367 4170 582 4234 inesse
624 4170 692 4234 in
735 4169 1049 4235 vocabulo
1093 4168 1286 4240 dulce,
1335 4167 1525 4251 quod,
1583 4163 1698 4251 per
1740 4186 1812 4233 se
1854 4167 2111 4250 quidem
2154 4168 2248 4235 rei
2289 4170 2702 4253 aptissimum,

368 4278 585 4336 tamen
629 4291 821 4354 quum
866 4269 1218 4353 epithetum
1261 4276 1430 4335 esset
1470 4269 1794 4335 leniminis
1835 4269 2120 4352 vulgare,
2165 4270 2352 4337 facile
2380 4271 2486 4335 hic
2515 4271 2705 4337 etiam

367 4374 649 4456 irrepere
691 4372 895 4456 potuit
937 4372 1006 4436 in
1035 4372 1347 4437 calamum
1377 4371 1639 4437 librarii.
1713 4371 1815 4435 Ita
1843 4368 2111 4438 Ovidius
2138 4372 2392 4437 Metam.
2418 4373 2527 4454 VI,
2561 4377 2703 4439 500.

472 4481 773 4529 Geram-nmo,
810 4479 1028 4531 opuscula.
2011 4482 2016 4488 '
2238 4476 2298 4524 10
