<?xml version="1.0" encoding="UTF-8"?>
<!DOCTYPE html PUBLIC "-//W3C//DTD XHTML 1.0 Transitional//EN"
    "http://www.w3.org/TR/xhtml1/DTD/xhtml1-transitional.dtd">
<html xmlns="http://www.w3.org/1999/xhtml" xml:lang="en" lang="en">
 <head>
  <title>
</title>
<meta http-equiv="Content-Type" content="text/html;charset=utf-8" />
  <meta name='ocr-system' content='tesseract 3.04.00' />
  <meta name='ocr-capabilities' content='ocr_page ocr_carea ocr_par ocr_line ocrx_word'/>
</head>
<body>
  <div class='ocr_page' id='page_1' title='image "./opusculaacademi00goetgoog_0246.png"; bbox 0 0 3499 5219; ppageno 0'>
   <div class='ocr_carea' id='block_1_1' title="bbox 857 496 2350 1704">
    <p class='ocr_par' dir='ltr' id='par_1_1' title="bbox 857 496 2350 1704">
     <span class='ocr_line' id='line_1_1' title="bbox 857 496 2350 1704; baseline 0 0"><span class='ocrx_word' id='word_1_1' title='bbox 857 496 2350 1704; x_wconf 95' lang='lat' dir='ltr'><strong> </strong></span> 
     </span>
    </p>
   </div>
   <div class='ocr_carea' id='block_1_2' title="bbox 908 1902 3021 1976">
    <p class='ocr_par' dir='ltr' id='par_1_2' title="bbox 908 1902 3021 1976">
     <span class='ocr_line' id='line_1_2' title="bbox 908 1902 3021 1976; baseline -0.002 -3"><span class='ocrx_word' id='word_1_2' title='bbox 908 1907 1533 1976; x_wconf 82' lang='lat' dir='ltr'><strong>COMMENTATIO</strong></span> <span class='ocrx_word' id='word_1_3' title='bbox 1577 1911 1695 1975; x_wconf 86' lang='lat' dir='ltr'><strong>DE</strong></span> <span class='ocrx_word' id='word_1_4' title='bbox 1739 1907 2035 1975; x_wconf 86' lang='lat' dir='ltr'><strong>MORTE</strong></span> <span class='ocrx_word' id='word_1_5' title='bbox 2079 1905 2533 1974; x_wconf 87' lang='lat' dir='ltr'><strong>FABVLOSA</strong></span> <span class='ocrx_word' id='word_1_6' title='bbox 2576 1902 3021 1971; x_wconf 86' lang='lat' dir='ltr'><strong>AESCHYLI.</strong></span> 
     </span>
    </p>
   </div>
   <div class='ocr_carea' id='block_1_3' title="bbox 784 2091 3136 4210">
    <p class='ocr_par' dir='ltr' id='par_1_3' title="bbox 784 2091 3136 4210">
     <span class='ocr_line' id='line_1_3' title="bbox 973 2091 3136 2178; baseline -0.002 -21"><span class='ocrx_word' id='word_1_7' title='bbox 973 2095 1074 2158; x_wconf 93' lang='lat' dir='ltr'><strong>De</strong></span> <span class='ocrx_word' id='word_1_8' title='bbox 1115 2100 1316 2158; x_wconf 86' lang='lat' dir='ltr'><strong>morte</strong></span> <span class='ocrx_word' id='word_1_9' title='bbox 1359 2094 1669 2178; x_wconf 79' lang='lat' dir='ltr'><strong>Aeschyli</strong></span> <span class='ocrx_word' id='word_1_10' title='bbox 1712 2102 1867 2159; x_wconf 89' lang='lat' dir='ltr'><strong>nota</strong></span> <span class='ocrx_word' id='word_1_11' title='bbox 1910 2102 2008 2160; x_wconf 90' lang='lat' dir='ltr'><strong>est</strong></span> <span class='ocrx_word' id='word_1_12' title='bbox 2050 2095 2289 2175; x_wconf 84' lang='lat' dir='ltr'><strong>fabula,</strong></span> <span class='ocrx_word' id='word_1_13' title='bbox 2335 2094 2575 2159; x_wconf 86' lang='lat' dir='ltr'><strong>tradita</strong></span> <span class='ocrx_word' id='word_1_14' title='bbox 2616 2092 2894 2177; x_wconf 90' lang='lat' dir='ltr'><strong>primum</strong></span> <span class='ocrx_word' id='word_1_15' title='bbox 2935 2098 3006 2155; x_wconf 91' lang='lat' dir='ltr'><strong>ut</strong></span> <span class='ocrx_word' id='word_1_16' title='bbox 3044 2091 3136 2153; x_wconf 89' lang='lat' dir='ltr'><strong>vi-</strong></span> 
     </span>
     <span class='ocr_line' id='line_1_4' title="bbox 794 2192 3134 2278; baseline -0.002 -18"><span class='ocrx_word' id='word_1_17' title='bbox 794 2195 982 2261; x_wconf 88' lang='lat' dir='ltr'><strong>detur</strong></span> <span class='ocrx_word' id='word_1_18' title='bbox 1047 2216 1088 2259; x_wconf 91' lang='lat' dir='ltr'><strong>a</strong></span> <span class='ocrx_word' id='word_1_19' title='bbox 1151 2193 1679 2278; x_wconf 73' lang='lat' dir='ltr'><strong>chamaeleonte,</strong></span> <span class='ocrx_word' id='word_1_20' title='bbox 1747 2195 2192 2278; x_wconf 89' lang='lat' dir='ltr'><strong>antiquissimo</strong></span> <span class='ocrx_word' id='word_1_21' title='bbox 2264 2202 2526 2260; x_wconf 91' lang='lat' dir='ltr'><strong>auctore</strong></span> <span class='ocrx_word' id='word_1_22' title='bbox 2588 2195 2762 2260; x_wconf 88' lang='lat' dir='ltr'><strong>vitae</strong></span> <span class='ocrx_word' id='word_1_23' title='bbox 2825 2192 3134 2276; x_wconf 77' lang='lat' dir='ltr'><strong>Aeschyli</strong></span> 
     </span>
     <span class='ocr_line' id='line_1_5' title="bbox 794 2295 3130 2381; baseline -0.002 -19"><span class='ocrx_word' id='word_1_24' title='bbox 794 2297 1049 2375; x_wconf 87' lang='lat' dir='ltr'><strong>(Athen.</strong></span> <span class='ocrx_word' id='word_1_25' title='bbox 1095 2296 1212 2361; x_wconf 89' lang='lat' dir='ltr'><strong>IX.</strong></span> <span class='ocrx_word' id='word_1_26' title='bbox 1258 2318 1324 2379; x_wconf 90' lang='lat' dir='ltr'><strong>p.</strong></span> <span class='ocrx_word' id='word_1_27' title='bbox 1370 2302 1517 2362; x_wconf 86' lang='lat'><strong>375.</strong></span> <span class='ocrx_word' id='word_1_28' title='bbox 1561 2297 1645 2362; x_wconf 81' lang='lat' dir='ltr'><strong>X.</strong></span> <span class='ocrx_word' id='word_1_29' title='bbox 1690 2317 1754 2381; x_wconf 92' lang='lat' dir='ltr'><strong>p.</strong></span> <span class='ocrx_word' id='word_1_30' title='bbox 1801 2300 1993 2376; x_wconf 83' lang='lat'><strong>428.).</strong></span> <span class='ocrx_word' id='word_1_31' title='bbox 2060 2298 2266 2376; x_wconf 82' lang='lat' dir='ltr'><strong>Quam</strong></span> <span class='ocrx_word' id='word_1_32' title='bbox 2308 2296 2595 2361; x_wconf 88' lang='lat' dir='ltr'><strong>fabulam</strong></span> <span class='ocrx_word' id='word_1_33' title='bbox 2652 2295 2743 2362; x_wconf 87' lang='lat' dir='ltr'><strong>sic</strong></span> <span class='ocrx_word' id='word_1_34' title='bbox 2800 2295 3130 2361; x_wconf 83' lang='lat' dir='ltr'><strong>exornavit</strong></span> 
     </span>
     <span class='ocr_line' id='line_1_6' title="bbox 800 2398 3129 2482; baseline -0.001 -20"><span class='ocrx_word' id='word_1_35' title='bbox 800 2398 1094 2462; x_wconf 89' lang='lat' dir='ltr'><strong>Valerius</strong></span> <span class='ocrx_word' id='word_1_36' title='bbox 1139 2398 1455 2464; x_wconf 83' lang='lat' dir='ltr'><strong>Maximus</strong></span> <span class='ocrx_word' id='word_1_37' title='bbox 1501 2398 1643 2481; x_wconf 87' lang='lat' dir='ltr'><strong>(IX,</strong></span> <span class='ocrx_word' id='word_1_38' title='bbox 1695 2402 1793 2463; x_wconf 82' lang='lat'><strong>12.</strong></span> <span class='ocrx_word' id='word_1_39' title='bbox 1841 2405 1968 2464; x_wconf 85' lang='lat' dir='ltr'><strong>ext.</strong></span> <span class='ocrx_word' id='word_1_40' title='bbox 2001 2402 2120 2477; x_wconf 88' lang='lat'><strong>2.):</strong></span> <span class='ocrx_word' id='word_1_41' title='bbox 2165 2398 2515 2482; x_wconf 89' lang='lat' dir='ltr'><strong>„Aeschyli</strong></span> <span class='ocrx_word' id='word_1_42' title='bbox 2557 2404 2788 2481; x_wconf 90' lang='lat' dir='ltr'><strong>poetae</strong></span> <span class='ocrx_word' id='word_1_43' title='bbox 2833 2415 3129 2461; x_wconf 83' lang='lat' dir='ltr'><strong>excessus</strong></span> 
     </span>
     <span class='ocr_line' id='line_1_7' title="bbox 796 2498 3132 2583; baseline -0 -20"><span class='ocrx_word' id='word_1_44' title='bbox 796 2498 1330 2581; x_wconf 80' lang='lat' dir='ltr'><strong>quemadmodum</strong></span> <span class='ocrx_word' id='word_1_45' title='bbox 1399 2520 1530 2565; x_wconf 92' lang='lat' dir='ltr'><strong>non</strong></span> <span class='ocrx_word' id='word_1_46' title='bbox 1587 2500 1986 2567; x_wconf 89' lang='lat' dir='ltr'><strong>voluntarius</strong></span> <span class='ocrx_word' id='word_1_47' title='bbox 2041 2501 2132 2565; x_wconf 89' lang='lat' dir='ltr'><strong>sic</strong></span> <span class='ocrx_word' id='word_1_48' title='bbox 2199 2506 2460 2583; x_wconf 90' lang='lat' dir='ltr'><strong>propter</strong></span> <span class='ocrx_word' id='word_1_49' title='bbox 2526 2499 2878 2564; x_wconf 89' lang='lat' dir='ltr'><strong>novitatem</strong></span> <span class='ocrx_word' id='word_1_50' title='bbox 2948 2517 3132 2563; x_wconf 85' lang='lat' dir='ltr'><strong>casus</strong></span> 
     </span>
     <span class='ocr_line' id='line_1_8' title="bbox 792 2599 3127 2685; baseline -0 -19"><span class='ocrx_word' id='word_1_51' title='bbox 792 2600 1161 2668; x_wconf 84' lang='lat' dir='ltr'><strong>referendus</strong></span> <span class='ocrx_word' id='word_1_52' title='bbox 1208 2607 1322 2666; x_wconf 88' lang='lat' dir='ltr'><strong>est.</strong></span> <span class='ocrx_word' id='word_1_53' title='bbox 1412 2601 1490 2667; x_wconf 91' lang='lat' dir='ltr'><strong>In</strong></span> <span class='ocrx_word' id='word_1_54' title='bbox 1533 2599 1756 2668; x_wconf 81' lang='lat' dir='ltr'><strong>Sicilia</strong></span> <span class='ocrx_word' id='word_1_55' title='bbox 1798 2601 2132 2668; x_wconf 91' lang='lat' dir='ltr'><strong>moenibus</strong></span> <span class='ocrx_word' id='word_1_56' title='bbox 2175 2601 2380 2684; x_wconf 87' lang='lat' dir='ltr'><strong>urbis,</strong></span> <span class='ocrx_word' id='word_1_57' title='bbox 2440 2602 2508 2666; x_wconf 90' lang='lat' dir='ltr'><strong>in</strong></span> <span class='ocrx_word' id='word_1_58' title='bbox 2564 2622 2689 2685; x_wconf 88' lang='lat' dir='ltr'><strong>qua</strong></span> <span class='ocrx_word' id='word_1_59' title='bbox 2743 2600 3127 2682; x_wconf 88' lang='lat' dir='ltr'><strong>morabatur,</strong></span> 
     </span>
     <span class='ocr_line' id='line_1_9' title="bbox 794 2702 3130 2787; baseline -0.001 -19"><span class='ocrx_word' id='word_1_60' title='bbox 794 2722 1105 2785; x_wconf 83' lang='lat' dir='ltr'><strong>egressus,</strong></span> <span class='ocrx_word' id='word_1_61' title='bbox 1153 2703 1371 2787; x_wconf 85' lang='lat' dir='ltr'><strong>aprico</strong></span> <span class='ocrx_word' id='word_1_62' title='bbox 1414 2703 1483 2767; x_wconf 88' lang='lat' dir='ltr'><strong>in</strong></span> <span class='ocrx_word' id='word_1_63' title='bbox 1524 2703 1666 2769; x_wconf 94' lang='lat' dir='ltr'><strong>loco</strong></span> <span class='ocrx_word' id='word_1_64' title='bbox 1709 2703 1965 2769; x_wconf 83' lang='lat' dir='ltr'><strong>resedit.</strong></span> <span class='ocrx_word' id='word_1_65' title='bbox 2033 2704 2240 2787; x_wconf 85' lang='lat' dir='ltr'><strong>Super</strong></span> <span class='ocrx_word' id='word_1_66' title='bbox 2269 2724 2455 2787; x_wconf 91' lang='lat' dir='ltr'><strong>quem</strong></span> <span class='ocrx_word' id='word_1_67' title='bbox 2486 2704 2705 2785; x_wconf 84' lang='lat' dir='ltr'><strong>aquila</strong></span> <span class='ocrx_word' id='word_1_68' title='bbox 2748 2702 3130 2768; x_wconf 84' lang='lat' dir='ltr'><strong>testudinem</strong></span> 
     </span>
     <span class='ocr_line' id='line_1_10' title="bbox 793 2803 3131 2889; baseline -0 -20"><span class='ocrx_word' id='word_1_69' title='bbox 793 2805 1025 2887; x_wconf 69' lang='lat' dir='ltr'><strong>serem,</strong></span> <span class='ocrx_word' id='word_1_70' title='bbox 1072 2805 1253 2871; x_wconf 88' lang='lat' dir='ltr'><strong>elusa</strong></span> <span class='ocrx_word' id='word_1_71' title='bbox 1296 2803 1639 2888; x_wconf 85' lang='lat' dir='ltr'><strong>splendore</strong></span> <span class='ocrx_word' id='word_1_72' title='bbox 1681 2805 1909 2889; x_wconf 82' lang='lat' dir='ltr'><strong>capitis</strong></span> <span class='ocrx_word' id='word_1_73' title='bbox 1953 2812 2117 2879; x_wconf 85' lang='lat' dir='ltr'><strong>(erat</strong></span> <span class='ocrx_word' id='word_1_74' title='bbox 2145 2805 2315 2871; x_wconf 91' lang='lat' dir='ltr'><strong>enim</strong></span> <span class='ocrx_word' id='word_1_75' title='bbox 2360 2806 2613 2889; x_wconf 86' lang='lat' dir='ltr'><strong>capillis</strong></span> <span class='ocrx_word' id='word_1_76' title='bbox 2656 2806 2948 2880; x_wconf 89' lang='lat' dir='ltr'><strong>vacuum)</strong></span> <span class='ocrx_word' id='word_1_77' title='bbox 2994 2823 3131 2888; x_wconf 90' lang='lat' dir='ltr'><strong>per·</strong></span> 
     </span>
     <span class='ocr_line' id='line_1_11' title="bbox 794 2904 3128 2990; baseline 0 -20"><span class='ocrx_word' id='word_1_78' title='bbox 794 2904 947 2972; x_wconf 89' lang='lat' dir='ltr'><strong>inde</strong></span> <span class='ocrx_word' id='word_1_79' title='bbox 979 2913 1172 2989; x_wconf 88' lang='lat' dir='ltr'><strong>atque</strong></span> <span class='ocrx_word' id='word_1_80' title='bbox 1200 2906 1404 2990; x_wconf 91' lang='lat' dir='ltr'><strong>lapidi</strong></span> <span class='ocrx_word' id='word_1_81' title='bbox 1435 2927 1576 2972; x_wconf 93' lang='lat' dir='ltr'><strong>eam</strong></span> <span class='ocrx_word' id='word_1_82' title='bbox 1620 2907 1820 2989; x_wconf 90' lang='lat' dir='ltr'><strong>illisit,</strong></span> <span class='ocrx_word' id='word_1_83' title='bbox 1867 2914 1935 2972; x_wconf 91' lang='lat' dir='ltr'><strong>ut</strong></span> <span class='ocrx_word' id='word_1_84' title='bbox 1978 2907 2219 2973; x_wconf 84' lang='lat' dir='ltr'><strong>fractae</strong></span> <span class='ocrx_word' id='word_1_85' title='bbox 2248 2927 2441 2973; x_wconf 84' lang='lat' dir='ltr'><strong>carne</strong></span> <span class='ocrx_word' id='word_1_86' title='bbox 2468 2913 2848 2974; x_wconf 84' lang='lat' dir='ltr'><strong>vesceretur.</strong></span> <span class='ocrx_word' id='word_1_87' title='bbox 2910 2907 3128 2988; x_wconf 87' lang='lat' dir='ltr'><strong>quue</strong></span> 
     </span>
     <span class='ocr_line' id='line_1_12' title="bbox 787 3006 3130 3093; baseline -0 -21"><span class='ocrx_word' id='word_1_88' title='bbox 787 3008 913 3072; x_wconf 91' lang='lat' dir='ltr'><strong>icto</strong></span> <span class='ocrx_word' id='word_1_89' title='bbox 971 3008 1147 3091; x_wconf 85' lang='lat' dir='ltr'><strong>origo</strong></span> <span class='ocrx_word' id='word_1_90' title='bbox 1207 3014 1270 3074; x_wconf 92' lang='lat' dir='ltr'><strong>et</strong></span> <span class='ocrx_word' id='word_1_91' title='bbox 1326 3009 1705 3093; x_wconf 89' lang='lat' dir='ltr'><strong>principium</strong></span> <span class='ocrx_word' id='word_1_92' title='bbox 1776 3009 2051 3075; x_wconf 87' lang='lat' dir='ltr'><strong>fortioris</strong></span> <span class='ocrx_word' id='word_1_93' title='bbox 2107 3008 2478 3092; x_wconf 83' lang='lat' dir='ltr'><strong>tragoediae</strong></span> <span class='ocrx_word' id='word_1_94' title='bbox 2534 3009 2917 3075; x_wconf 83' lang='lat' dir='ltr'><strong>exstinctum</strong></span> <span class='ocrx_word' id='word_1_95' title='bbox 2970 3006 3130 3074; x_wconf 85' lang='lat' dir='ltr'><strong>est.“</strong></span> 
     </span>
     <span class='ocr_line' id='line_1_13' title="bbox 788 3110 3124 3194; baseline -0.001 -20"><span class='ocrx_word' id='word_1_96' title='bbox 788 3110 949 3174; x_wconf 89' lang='lat' dir='ltr'><strong>Rem</strong></span> <span class='ocrx_word' id='word_1_97' title='bbox 977 3110 1355 3194; x_wconf 89' lang='lat' dir='ltr'><strong>mirabilem,</strong></span> <span class='ocrx_word' id='word_1_98' title='bbox 1399 3130 1483 3177; x_wconf 92' lang='lat' dir='ltr'><strong>ne</strong></span> <span class='ocrx_word' id='word_1_99' title='bbox 1514 3111 1721 3177; x_wconf 87' lang='lat' dir='ltr'><strong>dicam</strong></span> <span class='ocrx_word' id='word_1_100' title='bbox 1752 3110 2088 3176; x_wconf 88' lang='lat' dir='ltr'><strong>ridiculam</strong></span> <span class='ocrx_word' id='word_1_101' title='bbox 2130 3110 2201 3175; x_wconf 91' lang='lat' dir='ltr'><strong>in</strong></span> <span class='ocrx_word' id='word_1_102' title='bbox 2227 3117 2360 3175; x_wconf 87' lang='lat' dir='ltr'><strong>tam</strong></span> <span class='ocrx_word' id='word_1_103' title='bbox 2390 3117 2645 3177; x_wconf 86' lang='lat' dir='ltr'><strong>austero</strong></span> <span class='ocrx_word' id='word_1_104' title='bbox 2674 3116 2869 3194; x_wconf 90' lang='lat' dir='ltr'><strong>poeta</strong></span> <span class='ocrx_word' id='word_1_105' title='bbox 2914 3115 3124 3192; x_wconf 89' lang='lat' dir='ltr'><strong>(quam</strong></span> 
     </span>
     <span class='ocr_line' id='line_1_14' title="bbox 789 3210 3124 3296; baseline 0 -21"><span class='ocrx_word' id='word_1_106' title='bbox 789 3210 903 3275; x_wconf 91' lang='lat' dir='ltr'><strong>alii</strong></span> <span class='ocrx_word' id='word_1_107' title='bbox 932 3210 1333 3277; x_wconf 88' lang='lat' dir='ltr'><strong>tradiderunt</strong></span> <span class='ocrx_word' id='word_1_108' title='bbox 1359 3213 1564 3295; x_wconf 89' lang='lat' dir='ltr'><strong>aliter,</strong></span> <span class='ocrx_word' id='word_1_109' title='bbox 1597 3220 1667 3278; x_wconf 89' lang='lat' dir='ltr'><strong>ut</strong></span> <span class='ocrx_word' id='word_1_110' title='bbox 1694 3212 1968 3278; x_wconf 87' lang='lat' dir='ltr'><strong>Sotades</strong></span> <span class='ocrx_word' id='word_1_111' title='bbox 1998 3233 2102 3296; x_wconf 87' lang='lat' dir='ltr'><strong>ap.</strong></span> <span class='ocrx_word' id='word_1_112' title='bbox 2127 3211 2473 3278; x_wconf 83' lang='lat' dir='ltr'><strong>Stobaeum</strong></span> <span class='ocrx_word' id='word_1_113' title='bbox 2496 3211 2696 3279; x_wconf 82' lang='lat' dir='ltr'><strong>Serm.</strong></span> <span class='ocrx_word' id='word_1_114' title='bbox 2720 3211 3019 3293; x_wconf 85' lang='lat' dir='ltr'><strong>XCVIII,</strong></span> <span class='ocrx_word' id='word_1_115' title='bbox 3047 3214 3124 3293; x_wconf 82' lang='grc'><strong>9.,</strong></span> 
     </span>
     <span class='ocr_line' id='line_1_15' title="bbox 787 3310 3127 3397; baseline 0 -21"><span class='ocrx_word' id='word_1_116' title='bbox 787 3310 1034 3377; x_wconf 90' lang='lat' dir='ltr'><strong>Plinius</strong></span> <span class='ocrx_word' id='word_1_117' title='bbox 1078 3313 1157 3376; x_wconf 95' lang='lat' dir='ltr'><strong>H.</strong></span> <span class='ocrx_word' id='word_1_118' title='bbox 1190 3313 1269 3378; x_wconf 90' lang='lat' dir='ltr'><strong>N.</strong></span> <span class='ocrx_word' id='word_1_119' title='bbox 1300 3314 1384 3395; x_wconf 88' lang='lat' dir='ltr'><strong>X,</strong></span> <span class='ocrx_word' id='word_1_120' title='bbox 1419 3319 1498 3395; x_wconf 88' lang='lat'><strong>3.,</strong></span> <span class='ocrx_word' id='word_1_121' title='bbox 1544 3313 1855 3379; x_wconf 91' lang='lat' dir='ltr'><strong>Aelianus</strong></span> <span class='ocrx_word' id='word_1_122' title='bbox 1900 3313 1975 3379; x_wconf 89' lang='lat' dir='ltr'><strong>V.</strong></span> <span class='ocrx_word' id='word_1_123' title='bbox 2007 3314 2087 3378; x_wconf 93' lang='lat' dir='ltr'><strong>H.</strong></span> <span class='ocrx_word' id='word_1_124' title='bbox 2119 3314 2262 3396; x_wconf 88' lang='lat' dir='ltr'><strong>VII,</strong></span> <span class='ocrx_word' id='word_1_125' title='bbox 2314 3317 2432 3397; x_wconf 68' lang='lat'><strong>16„</strong></span> <span class='ocrx_word' id='word_1_126' title='bbox 2478 3313 2758 3395; x_wconf 87' lang='lat' dir='ltr'><strong>Suidas),</strong></span> <span class='ocrx_word' id='word_1_127' title='bbox 2802 3312 3127 3378; x_wconf 77' lang='lat' dir='ltr'><strong>winckel-</strong></span> 
     </span>
     <span class='ocr_line' id='line_1_16' title="bbox 788 3413 3123 3498; baseline 0.002 -22"><span class='ocrx_word' id='word_1_128' title='bbox 788 3432 1064 3478; x_wconf 89' lang='lat' dir='ltr'><strong>mannus</strong></span> <span class='ocrx_word' id='word_1_129' title='bbox 1107 3413 1379 3497; x_wconf 92' lang='lat' dir='ltr'><strong>primum</strong></span> <span class='ocrx_word' id='word_1_130' title='bbox 1421 3415 1684 3498; x_wconf 82' lang='lat' dir='ltr'><strong>agnovit</strong></span> <span class='ocrx_word' id='word_1_131' title='bbox 1737 3415 1807 3479; x_wconf 91' lang='lat' dir='ltr'><strong>in</strong></span> <span class='ocrx_word' id='word_1_132' title='bbox 1852 3435 2105 3497; x_wconf 84' lang='lat' dir='ltr'><strong>gemma</strong></span> <span class='ocrx_word' id='word_1_133' title='bbox 2150 3415 2397 3498; x_wconf 89' lang='lat' dir='ltr'><strong>scalpta</strong></span> <span class='ocrx_word' id='word_1_134' title='bbox 2441 3415 2822 3481; x_wconf 86' lang='lat' dir='ltr'><strong>Stoschiana</strong></span> <span class='ocrx_word' id='word_1_135' title='bbox 2875 3434 3123 3498; x_wconf 88' lang='lat' dir='ltr'><strong>reprae-</strong></span> 
     </span>
     <span class='ocr_line' id='line_1_17' title="bbox 792 3514 3121 3599; baseline 0.001 -21"><span class='ocrx_word' id='word_1_136' title='bbox 792 3519 1146 3596; x_wconf 85' lang='lat' dir='ltr'><strong>sentatam,</strong></span> <span class='ocrx_word' id='word_1_137' title='bbox 1219 3536 1410 3598; x_wconf 89' lang='lat' dir='ltr'><strong>quam</strong></span> <span class='ocrx_word' id='word_1_138' title='bbox 1463 3536 1782 3599; x_wconf 84' lang='lat' dir='ltr'><strong>gemmam</strong></span> <span class='ocrx_word' id='word_1_139' title='bbox 1852 3516 2054 3581; x_wconf 87' lang='lat' dir='ltr'><strong>edidit</strong></span> <span class='ocrx_word' id='word_1_140' title='bbox 2105 3514 2432 3599; x_wconf 82' lang='lat' dir='ltr'><strong>grandiori</strong></span> <span class='ocrx_word' id='word_1_141' title='bbox 2487 3515 2677 3581; x_wconf 93' lang='lat' dir='ltr'><strong>modo</strong></span> <span class='ocrx_word' id='word_1_142' title='bbox 2734 3514 3121 3583; x_wconf 87' lang='lat' dir='ltr'><strong>delineatam</strong></span> 
     </span>
     <span class='ocr_line' id='line_1_18' title="bbox 794 3615 3122 3702; baseline 0.003 -23"><span class='ocrx_word' id='word_1_143' title='bbox 794 3615 1071 3679; x_wconf 90' lang='lat' dir='ltr'><strong>Monum.</strong></span> <span class='ocrx_word' id='word_1_144' title='bbox 1115 3615 1288 3682; x_wconf 90' lang='lat' dir='ltr'><strong>ined.</strong></span> <span class='ocrx_word' id='word_1_145' title='bbox 1335 3618 1415 3682; x_wconf 87' lang='lat' dir='ltr'><strong>N.</strong></span> <span class='ocrx_word' id='word_1_146' title='bbox 1467 3622 1606 3683; x_wconf 87' lang='lat'><strong>167.</strong></span> <span class='ocrx_word' id='word_1_147' title='bbox 1695 3618 1831 3683; x_wconf 90' lang='lat' dir='ltr'><strong>Nos</strong></span> <span class='ocrx_word' id='word_1_148' title='bbox 1874 3637 2026 3683; x_wconf 88' lang='lat' dir='ltr'><strong>vero</strong></span> <span class='ocrx_word' id='word_1_149' title='bbox 2071 3617 2496 3702; x_wconf 90' lang='lat' dir='ltr'><strong>ad.ectypum</strong></span> <span class='ocrx_word' id='word_1_150' title='bbox 2539 3624 2882 3700; x_wconf 83' lang='lat' dir='ltr'><strong>gypsatum</strong></span> <span class='ocrx_word' id='word_1_151' title='bbox 2924 3617 3122 3701; x_wconf 83' lang='lat' dir='ltr'><strong>ipsius</strong></span> 
     </span>
     <span class='ocr_line' id='line_1_19' title="bbox 790 3716 3122 3802; baseline 0.001 -23"><span class='ocrx_word' id='word_1_152' title='bbox 790 3734 1081 3797; x_wconf 85' lang='lat' dir='ltr'><strong>gemmae</strong></span> <span class='ocrx_word' id='word_1_153' title='bbox 1112 3716 1336 3794; x_wconf 89' lang='lat' dir='ltr'><strong>eodem</strong></span> <span class='ocrx_word' id='word_1_154' title='bbox 1381 3719 1639 3784; x_wconf 92' lang='lat' dir='ltr'><strong>modulo</strong></span> <span class='ocrx_word' id='word_1_155' title='bbox 1684 3719 1888 3802; x_wconf 89' lang='lat' dir='ltr'><strong>repeti</strong></span> <span class='ocrx_word' id='word_1_156' title='bbox 1919 3720 2278 3785; x_wconf 85' lang='lat' dir='ltr'><strong>curavimus</strong></span> <span class='ocrx_word' id='word_1_157' title='bbox 2320 3720 2390 3783; x_wconf 92' lang='lat' dir='ltr'><strong>in</strong></span> <span class='ocrx_word' id='word_1_158' title='bbox 2434 3718 2642 3784; x_wconf 85' lang='lat' dir='ltr'><strong>fronte</strong></span> <span class='ocrx_word' id='word_1_159' title='bbox 2667 3719 2855 3785; x_wconf 87' lang='lat' dir='ltr'><strong>huius</strong></span> <span class='ocrx_word' id='word_1_160' title='bbox 2896 3719 3122 3802; x_wconf 90' lang='lat' dir='ltr'><strong>libelli,</strong></span> 
     </span>
     <span class='ocr_line' id='line_1_20' title="bbox 789 3816 3125 3903; baseline 0.003 -23"><span class='ocrx_word' id='word_1_161' title='bbox 789 3816 961 3898; x_wconf 88' lang='lat' dir='ltr'><strong>quod</strong></span> <span class='ocrx_word' id='word_1_162' title='bbox 1003 3837 1210 3901; x_wconf 89' lang='lat' dir='ltr'><strong>neque</strong></span> <span class='ocrx_word' id='word_1_163' title='bbox 1250 3818 1903 3886; x_wconf 87' lang='lat' dir='ltr'><strong>Winckelmanniana</strong></span> <span class='ocrx_word' id='word_1_164' title='bbox 1959 3819 2363 3886; x_wconf 86' lang='lat' dir='ltr'><strong>adumbratio</strong></span> <span class='ocrx_word' id='word_1_165' title='bbox 2420 3839 2629 3903; x_wconf 90' lang='lat' dir='ltr'><strong>neque</strong></span> <span class='ocrx_word' id='word_1_166' title='bbox 2671 3820 3125 3886; x_wconf 73' lang='lat' dir='ltr'><strong>Wecheriana</strong></span> 
     </span>
     <span class='ocr_line' id='line_1_21' title="bbox 791 3919 3123 4006; baseline 0.001 -23"><span class='ocrx_word' id='word_1_167' title='bbox 791 3919 964 3997; x_wconf 89' lang='lat' dir='ltr'><strong>(Alte</strong></span> <span class='ocrx_word' id='word_1_168' title='bbox 992 3921 1270 3986; x_wconf 88' lang='lat' dir='ltr'><strong>Denkm.</strong></span> <span class='ocrx_word' id='word_1_169' title='bbox 1302 3921 1387 3986; x_wconf 91' lang='grc' dir='ltr'><strong>ΙΙ.</strong></span> <span class='ocrx_word' id='word_1_170' title='bbox 1420 3943 1482 4005; x_wconf 92' lang='lat' dir='ltr'><strong>p.</strong></span> <span class='ocrx_word' id='word_1_171' title='bbox 1517 3923 1686 3999; x_wconf 88' lang='grc'><strong>343.)</strong></span> <span class='ocrx_word' id='word_1_172' title='bbox 1733 3941 1815 3987; x_wconf 84' lang='lat' dir='ltr'><strong>ex</strong></span> <span class='ocrx_word' id='word_1_173' title='bbox 1857 3922 1972 3987; x_wconf 86' lang='lat' dir='ltr'><strong>illa</strong></span> <span class='ocrx_word' id='word_1_174' title='bbox 2015 3922 2218 4006; x_wconf 86' lang='lat' dir='ltr'><strong>petita</strong></span> <span class='ocrx_word' id='word_1_175' title='bbox 2245 3942 2538 4004; x_wconf 87' lang='lat' dir='ltr'><strong>gemmae</strong></span> <span class='ocrx_word' id='word_1_176' title='bbox 2579 3921 2705 4006; x_wconf 89' lang='lat' dir='ltr'><strong>ipsi</strong></span> <span class='ocrx_word' id='word_1_177' title='bbox 2734 3922 3123 3989; x_wconf 88' lang='lat' dir='ltr'><strong>adamussim</strong></span> 
     </span>
     <span class='ocr_line' id='line_1_22' title="bbox 784 4020 3120 4106; baseline 0.002 -21"><span class='ocrx_word' id='word_1_178' title='bbox 784 4020 1221 4105; x_wconf 88' lang='lat' dir='ltr'><strong>responderet.</strong></span> <span class='ocrx_word' id='word_1_179' title='bbox 1287 4021 1631 4089; x_wconf 90' lang='lat' dir='ltr'><strong>Sedentem</strong></span> <span class='ocrx_word' id='word_1_180' title='bbox 1672 4020 2183 4106; x_wconf 80' lang='lat' dir='ltr'><strong>igiturvidemus</strong></span> <span class='ocrx_word' id='word_1_181' title='bbox 2226 4023 2294 4089; x_wconf 92' lang='lat' dir='ltr'><strong>in</strong></span> <span class='ocrx_word' id='word_1_182' title='bbox 2339 4025 2567 4089; x_wconf 90' lang='lat' dir='ltr'><strong>throno</strong></span> <span class='ocrx_word' id='word_1_183' title='bbox 2600 4043 2820 4090; x_wconf 89' lang='lat' dir='ltr'><strong>senem</strong></span> <span class='ocrx_word' id='word_1_184' title='bbox 2849 4025 3120 4106; x_wconf 87' lang='lat' dir='ltr'><strong>calvum,</strong></span> 
     </span>
     <span class='ocr_line' id='line_1_23' title="bbox 789 4122 3123 4210; baseline 0.003 -25"><span class='ocrx_word' id='word_1_185' title='bbox 789 4122 897 4203; x_wconf 90' lang='lat' dir='ltr'><strong>qui</strong></span> <span class='ocrx_word' id='word_1_186' title='bbox 926 4123 1235 4188; x_wconf 86' lang='lat' dir='ltr'><strong>ambabus</strong></span> <span class='ocrx_word' id='word_1_187' title='bbox 1265 4124 1559 4190; x_wconf 85' lang='lat' dir='ltr'><strong>manibus</strong></span> <span class='ocrx_word' id='word_1_188' title='bbox 1601 4125 1912 4210; x_wconf 90' lang='lat' dir='ltr'><strong>scyphum</strong></span> <span class='ocrx_word' id='word_1_189' title='bbox 1941 4125 2080 4192; x_wconf 89' lang='lat' dir='ltr'><strong>sine</strong></span> <span class='ocrx_word' id='word_1_190' title='bbox 2117 4124 2295 4192; x_wconf 87' lang='lat' dir='ltr'><strong>ansis</strong></span> <span class='ocrx_word' id='word_1_191' title='bbox 2326 4125 2462 4191; x_wconf 91' lang='lat' dir='ltr'><strong>sive</strong></span> <span class='ocrx_word' id='word_1_192' title='bbox 2505 4131 2791 4209; x_wconf 90' lang='lat' dir='ltr'><strong>pateram</strong></span> <span class='ocrx_word' id='word_1_193' title='bbox 2820 4146 3123 4209; x_wconf 83' lang='lat' dir='ltr'><strong>magnam</strong></span> 
     </span>
    </p>
   </div>
   <div class='ocr_carea' id='block_1_4' title="bbox 920 4341 1707 4409">
    <p class='ocr_par' dir='ltr' id='par_1_4' title="bbox 920 4341 1707 4409">
     <span class='ocr_line' id='line_1_24' title="bbox 920 4341 1707 4409; baseline 0.004 -18"><span class='ocrx_word' id='word_1_194' title='bbox 920 4341 957 4406; x_wconf 83' lang='lat'><strong>¹)</strong></span> <span class='ocrx_word' id='word_1_195' title='bbox 990 4341 1126 4394; x_wconf 82' lang='lat' dir='ltr'><strong>Hist.</strong></span> <span class='ocrx_word' id='word_1_196' title='bbox 1163 4341 1239 4393; x_wconf 84' lang='lat' dir='ltr'><strong>lit.</strong></span> <span class='ocrx_word' id='word_1_197' title='bbox 1277 4343 1364 4405; x_wconf 90' lang='lat' dir='ltr'><strong>1v,</strong></span> <span class='ocrx_word' id='word_1_198' title='bbox 1401 4360 1447 4409; x_wconf 86' lang='lat' dir='ltr'><strong>q.</strong></span> <span class='ocrx_word' id='word_1_199' title='bbox 1483 4346 1549 4397; x_wconf 81' lang='lat'><strong>56</strong></span> <span class='ocrx_word' id='word_1_200' title='bbox 1586 4346 1707 4408; x_wconf 76' lang='lat'><strong>(23).</strong></span> 
     </span>
    </p>
   </div>
   <div class='ocr_carea' id='block_1_5' title="bbox 3440 1760 3450 2551">
    <p class='ocr_par' dir='ltr' id='par_1_5' title="bbox 3440 1760 3450 2551">
     <span class='ocr_line' id='line_1_25' title="bbox 3440 1760 3450 2551; baseline 0 0"><span class='ocrx_word' id='word_1_201' title='bbox 3440 1760 3450 2551; x_wconf 95' lang='lat' dir='ltr'><strong> </strong></span> 
     </span>
    </p>
   </div>
  </div>
 </body>
</html>
