3499 5219
1691 417 1826 425 —-—
1926 384 2270 445 260——

817 551 1008 616 matis
1051 550 1427 616 Callimachi
1469 550 1986 615 commemoravit
2027 549 2095 614 in
2137 550 2305 615 hanc
2347 568 2480 615 rem
2532 546 2704 613 facti.
2777 546 2966 626 Quod
2993 546 3173 628 frag-³

817 660 1100 719 mentum
1143 652 1234 717 ita
1287 652 1541 735 egregie
1595 652 2004 749 concinnavit
2056 653 2135 717 R.
2190 651 2520 717 Bentleius
2565 650 2846 732 (Fragm.
2889 647 3152 723 LXXI.)

1058 814 2114 831 ...........
2204 766 2349 830 οὐδὲ
2392 767 2462 830 τὸ
2506 764 2764 849 γράμμα

1140 850 1439 935 'Hadia-927
1487 852 1554 916 τὸ
1597 854 1788 934 λέγον,
1831 852 1906 932 μ’
1952 847 2058 915 υἷα
2102 853 2519 933 Λεωπρεπέος

1055 941 1328 1002 Κεῒσθαι
1373 935 1570 1020 Κήϊον
1614 934 1812 1019 ἄνδρα
1873 983 2408 1002 ......

1066 1104 1229 1171 Οὐδ’
1272 1106 1481 1188 ὑμέας,
1527 1106 1938 1183 Πολύδευκες,
1984 1105 2326 1190 ύπέιρεσεν,
2373 1108 2435 1168 o‘c'
2470 1132 2546 1186 με
2589 1105 2917 1187 μελάθρου

1151 1193 1504 1267 Μέλλοντος
1547 1194 1782 1254 πίπτειν
1825 1191 1997 1265 ἐκτὸς
2037 1191 2274 1254 {venas
2310 1215 2455 1253 ποτε

1055 1276 1464 1355 Δαιτυμόνων
1507 1272 1627 1339 ἄπο
1669 1283 1918 1356 μοῦνον,
1965 1272 2061 1339 ὅτε
2108 1273 2517 1358 Κραννώνιος,
2564 1276 2648 1351 αἶ’,
2692 1274 2775 1349 αἶ’,

1128 1357 1419 1424 Ὥλισθεν
1458 1360 1762 1444 μεγάλους
1805 1358 1970 1434 οἶκος
2012 1363 2107 1424 ἐπὶ
2150 1357 2500 1434 Σκοπάδας.

817 1484 902 1548 At
944 1484 1012 1547 in
1054 1483 1212 1565 ipsis
1256 1481 1496 1548 Suidae
1539 1482 1755 1547 verbis
1810 1487 2142 1564 praeterea
2197 1481 2514 1564 quaedam
2558 1482 2806 1563 insunt,
2868 1498 3037 1561 quae
3079 1497 3163 1543 ex

815 1585 957 1668 ipsa
1000 1584 1475 1668 epigrammatis
1519 1583 1839 1649 sententia
1893 1582 2182 1649 sublecta
2237 1583 2409 1647 viam
2464 1591 2817 1648 monstrare
2860 1580 3160 1645 videntur

815 1685 1207 1751 restituendo
1288 1686 1406 1750 toti
1475 1686 1952 1767 epigrammati,
2045 1683 2216 1768 quod
2291 1686 2359 1749 in
2446 1685 2703 1768 optimis
2776 1682 3157 1749 Callimachi

814 1787 1200 1852 carminibus
1266 1785 1633 1851 habendum
1702 1793 1816 1852 est.
1905 1786 2011 1852 Sic
2081 1787 2252 1853 enim
2308 1786 2573 1851 Suidas:
2634 1779 3155 1866 Ἀκραγαντίνων

816 1884 1176 1972 στρατηγὸς
1220 1876 1295 1969 ἧν
1341 1885 1551 1967 ὄνομα
1598 1886 1854 1965 Φοῖνιξ,
1886 1892 2359 1970 Συρακουσίοις
2404 1886 2474 1951 δὲ
2519 1885 2890 1967 ἐπολέμουν
2935 1873 3151 1949 οὗτοι·

815 1983 1050 2053 οὐκοῦν
1097 1984 1208 2053 ὅδε
1266 1985 1302 2052 ὁ
1353 1988 1591 2067 Φοῖνιξ
1644 1987 1994 2054 διαλύει
2051 1989 2194 2053 τὸν
2249 1987 2523 2072 τάφον
2581 1990 2722 2051 τοῦ
2780 1986 3152 2068 Σιμωνίδου

816 2090 994 2171 μάλα
1062 2084 1316 2172 ιἰκηδῶς
1381 2116 1455 2155 τε
1518 2093 1625 2154 καὶ
1693 2083 2097 2167 ἀνοίκτως
2160 2091 2264 2154 καὶ
2334 2089 2401 2154 ἐκ
2464 2093 2596 2153 τῶν
2671 2091 2885 2154 λίθων
2952 2088 3154 2153 τῶνδε

818 2185 1214 2276 ἀνίστησι
1281 2191 1629 2273 πύργον·
1698 2193 1803 2256 καὶ
1875 2189 2083 2255 κατὰ
2147 2194 2439 2255 τοῦτον
2508 2188 2717 2256 ἑάλω
2783 2186 2822 2275 ἦ
2892 2189 3151 2265 πόλις.

815 2293 995 2372 Quae
1039 2293 1143 2357 hic
1188 2292 1459 2359 diductis
1502 2292 1731 2359 litteris
1777 2294 2000 2378 scripsi
2045 2314 2124 2360 ea
2166 2294 2305 2359 sine
2336 2293 2530 2359 dubio
2571 2293 2641 2357 in
2673 2294 2816 2377 ipso
2847 2294 3154 2377 epigram-

814 2403 987 2462 mate
1042 2394 1560 2477 inveniebantur,
1629 2396 1684 2460 si
1748 2415 1880 2461 non
1933 2394 2020 2459 ad
2076 2396 2343 2461 verbum
2399 2402 2570 2460 certe
2625 2395 2710 2460 ad
2754 2397 3149 2461 sententiam.

815 2496 1084 2562 Accedit
1138 2495 1307 2578 quod
1364 2496 1796 2562 Callimachus
1851 2517 2044 2580 quum
2099 2497 2459 2562 meminerit
2510 2496 2725 2562 famae
2778 2498 2953 2564 illius
2971 2547 2987 2580 ,
3033 2518 3150 2580 qua

814 2599 1002 2664 vivus
1045 2618 1085 2663 a
1130 2597 1495 2663 Castoribus
1550 2606 1840 2665 servatus
1897 2618 2040 2666 esse
2100 2597 2431 2665 dicebatur
2473 2597 2838 2665 Simonides
2898 2620 2934 2665 e
2975 2599 3153 2665 ruina

816 2701 1165 2766 corruentis
1208 2699 1452 2781 domus,
1497 2700 1707 2783 ipsum
1737 2707 2059 2766 auctorem
2088 2700 2333 2784 flagitii,
2377 2702 2447 2765 in
2478 2700 2675 2766 Ceum
2704 2708 2963 2785 poetam
2993 2722 3149 2767 com·

813 2802 1023 2883 missi,
1090 2803 1361 2866 alterum
1414 2803 1550 2867 eius
1604 2803 1787 2884 quasi
1841 2803 2310 2868 interfectorem
2364 2801 2605 2868 dixisse
2661 2803 2984 2885 putandus
3039 2810 3146 2883 est,

817 2924 1009 2986 quum
1039 2903 1284 2968 cineres
1312 2905 1542 2968 mortui
1572 2904 1998 2970 conturbaret.
2063 2904 2149 2968 At
2175 2923 2306 2968 non
2336 2912 2673 2970 contentus
2699 2905 2814 2970 ille
2843 2906 2975 2971 tale
3004 2903 3149 2987 quid

810 3026 1006 3071 ausus
1050 3024 1192 3071 esse
1236 3024 1388 3087 erga
1430 3013 1773 3088 mortuum,
1820 3024 2038 3088 quem,
2084 3004 2245 3070 dum-
2282 3005 2350 3069 in
2392 3006 2558 3071 vivis
2603 3013 2804 3088 esset,
2865 3005 2956 3070 dii
2999 3006 3148 3070 dile·

817 3113 1063 3187 xerant,
1107 3107 1318 3188 ipsum
1362 3108 1721 3190 sepulcrum
1766 3107 2044 3173 hominis
2073 3107 2579 3173 innocentissimi
2609 3107 2905 3172 adhibuit
2933 3107 3019 3172 ad
3047 3127 3152 3190 op-

815 3206 1199 3291 pugnandas
1242 3206 1610 3291 Syracusas,
1656 3228 1822 3292 quae
1864 3209 2018 3274 olim
2060 3208 2406 3292 hospitium
2449 3216 2680 3294 poetae
2708 3208 3148 3293 praebuerant.

816 3310 993 3375 Haec
1036 3309 1090 3374 si
1136 3308 1431 3374 concedis
1475 3310 1566 3374 sic
1608 3308 1879 3375 fortasse
1906 3308 2336 3393 reparandum
2366 3310 2486 3376 erit
2536 3317 2736 3375 totum
2768 3311 3155 3395 epigramma

812 3409 903 3475 ad
947 3410 1327 3476 sententiam
1372 3410 1780 3475 Callimachi:

1030 3524 1281 3607 [Νηλής,
1327 3523 1396 3600 ὅς
1438 3551 1514 3605 με
1558 3524 1823 3590 θανόντ’
1872 3519 2047 3601 αὖτις
2089 3527 2343 3608 κτάνεν],
2390 3523 2535 3589 οὐδὲ
2575 3527 2645 3591 τὸ
2687 3528 2948 3611 γράμμα

1108 3610 1416 3692 Ἧιδέσθη
1461 3612 1529 3675 τὸ
1579 3613 1751 3692 λέγον
1789 3611 1863 3692 μ’
1910 3607 2018 3674 υἷα
2058 3612 2475 3696 Λεωπρέπεος

1031 3698 1320 3774 Κεῖσθαι,
1353 3697 1564 3777 ⁴Krj'ae‘ou
1608 3695 1808 3780 ἄνδρα
1851 3695 2072 3781 [τάφον
2116 3695 2182 3758 δ’
2229 3695 2452 3777 ἀνέδην
2492 3695 2791 3770 διαλύσας

1113 3781 1373 3864 Πύργον
1413 3781 1739 3863 ἀνέστησεν
1781 3789 1958 3863 πῆμα
2000 3783 2437 3863 Συρηκοσίων,]

964 3880 995 3928 5
1031 3863 1188 3929 Οὐδ>
1235 3866 1444 3945 ὑμέας,
1489 3864 1897 3939 Πολύδευκες,
1944 3865 2284 3950 ὖπέτρεσεν,
2332 3869 2394 3927 οἵ
2429 3890 2506 3946 με
2549 3863 2876 3950 μελάθρου

1115 3952 1474 4024 Μέλλοντος
1514 3954 1751 4013 πίπτειν
1794 3951 1965 4025 ἐκτὸς
2008 3951 2243 4015 ἕθεσθέ
2280 3974 2425 4013 ποτε

1028 4036 1439 4113 Δαιτυμόνων
1481 4034 1603 4099 ἄπο
1644 4043 1894 4115 μοῦνον,
1939 4032 2037 4099 ὅτε
2080 4035 2492 4118 Κραννώνιος,
2539 4031 2621 4120 αἶ’,
2668 4034 2751 4110 αἶ’,

1098 4118 1396 4183 ”staca-922»
1434 4122 1738 4204 μεγάλους
1781 4116 1944 4194 οἶκος
1985 4123 2077 4184 ἐπὶ
2123 4119 2470 4193 Σκοπάδας.

957 4327 991 4390 ι)
1030 4326 1104 4379 cf.
1140 4326 1291 4377 nom.
1328 4326 1389 4375 11.
1429 4325 1567 4387 XVI,
1604 4327 1718 4377 204.
