3499 5219
1140 1523 1260 1588 DE
1305 1520 1791 1587 ERICAPAEO
1833 1517 2389 1587 ORPHICORVM
2430 1519 2793 1587 NVMINE.

963 1712 1232 1779 Constat
1270 1708 1649 1792 religionem
1693 1708 2078 1775 Graecorum
2121 1725 2300 1772 more
2342 1707 2650 1771 maiorum
2693 1706 2953 1791 publice
2995 1726 3139 1772 san.

792 1817 984 1882 citam
1026 1834 1067 1878 a
1109 1811 1671 1894 sacerdotibusque
1713 1818 2155 1876 conservatam
2169 1859 2185 1892 ,
2246 1810 2502 1892 qualem
2559 1829 2639 1874 ex
2680 1809 3134 1892 antiquissimis

792 1916 1074 1984 fontibus
1116 1913 1377 1980 Homeri
1421 1919 1485 1978 et
1526 1912 1794 1978 Hesiodi
1843 1912 2286 1994 cognovimus,
2344 1911 2680 1994 paullatim
2736 1912 3132 1976 immutatam

793 2019 1199 2085 reformatam
1252 2021 1597 2080 correctam
1651 2014 1849 2080 fuisse
1902 2014 2100 2079 initiis
2143 2014 2233 2078 sic
2280 2011 2464 2078 dictis
2505 2014 2737 2094 latine,
2795 2013 3130 2097 mysteriiS,

794 2121 850 2186 si
891 2138 1120 2203 graece
1166 2117 1461 2199 dicimus,
1521 2136 1685 2199 quae
1730 2114 2104 2181 colebantur
2144 2116 2207 2177 in
2252 2115 2521 2187 occulto,
2571 2120 2664 2195 (ut
2704 2115 2902 2180 verbo
2947 2113 3135 2180 edicti

796 2222 879 2287 de
934 2220 1214 2286 romanis
1253 2219 1782 2304 ,Bacchanalibus
1838 2219 2143 2299 utamur),
2218 2237 2302 2283 ne
2355 2217 2501 2301 ipsa
2556 2217 2856 2282 universa
2911 2216 3130 2298 religio

795 2323 1305 2402 conturbaretur,
1365 2320 1420 2386 si
1477 2340 1604 2404 qua
1658 2320 1947 2385 inessent
1999 2319 2225 2401 initiis,
2289 2338 2453 2403 quae
2508 2319 2657 2384 huic
2699 2316 3133 2383 contradicere

793 2424 1182 2491 viderentur.
1255 2423 1431 2488 Haec
1474 2430 1686 2487 autem
1727 2423 2035 2506 mysteria
2075 2421 2369 2505 inprimis
2414 2419 2573 2486 duos
2615 2421 2791 2486 locos
2832 2421 3133 2502 antiquae

793 2525 1122 2608 religionis
1164 2523 1252 2589 ad
1293 2523 1603 2588 rationem
1661 2544 1963 2590 revocare
2021 2522 2399 2606 studebant,
2463 2524 2937 2607 cosmogoniam
2995 2540 3132 2588 cum

795 2627 1063 2711 imperio
1138 2626 1400 2692 deorum
1472 2631 1536 2690 et
1605 2626 2037 2693 conditionem
2101 2626 2461 2691 animarum
2515 2626 2937 2691 humanarum
2994 2634 3136 2711 post

795 2737 1062 2796 mortem
1118 2727 1293 2812 apud
1347 2726 1618 2812 inferos3
1689 2728 1761 2793 in
1831 2730 2034 2794 altero
2101 2728 2272 2793 enim
2325 2729 2467 2792 loco
2521 2749 2747 2812 parum
2799 2728 3136 2794 videbatur

795 2832 1098 2897 tributum
1167 2849 1310 2896 esse
1372 2848 1581 2894 rerum
1641 2836 1937 2913 naturae,
2012 2850 2205 2913 quum
2279 2829 2368 2894 dii
2438 2830 2740 2912 antiquae
2810 2830 3137 2912 religionis

796 2934 1002 3017 magis
1056 2938 1271 2998 essent
1324 2932 1642 3015 principia
1696 2932 1930 2998 mentis
1986 2932 2305 2997 humanae
2360 2952 2550 3015 quam
2606 2940 2874 2998 naturae
2913 2933 3132 3016 ipsiuS,

794 3036 863 3101 in
919 3035 1122 3100 altero
1175 3040 1389 3099 autem
1445 3033 1823 3116 dignitatem
1872 3041 2141 3100 naturae
2182 3034 2504 3100 humanae
2546 3055 2802 3118 prorsus
2848 3033 3138 3100 debilita-

796 3144 928 3203 tam
971 3156 1132 3218 esse,
1177 3141 1682 3219 prostratamque
1725 3136 1910 3217 adeo,
1959 3136 2130 3219 quod
2169 3136 2430 3201 Homeri
2471 3144 2652 3202 aetas
2695 3137 2962 3202 haberet
3005 3138 3136 3219 qui-

798 3238 945 3304 dem
1016 3236 1338 3321 quandam
1409 3237 1664 3302 animae
1723 3238 2267 3303 immortalitatem
2326 3237 2442 3304 sed
2499 3258 2643 3304 eam
2701 3259 2891 3321 quam
2948 3258 3137 3304 nemo

797 3339 1017 3424 paullo
1072 3338 1301 3404 cultior
1356 3337 1748 3404 desideraret
1802 3345 2064 3423 propter
2117 3339 2484 3422 ademptam
2540 3339 2905 3405 viventibus
2954 3360 3133 3424 spem
3231 3344 3236 3350 '

796 3441 1123 3507 meliorem
1178 3439 1510 3505 moriendi.
1608 3439 1790 3519 Quae
1844 3442 2013 3506 enim
2072 3447 2169 3507 est
2230 3440 2510 3506 conditio
2566 3441 2909 3506 inferorum
2963 3440 3137 3524 apud

797 3541 1188 3609 Homerum?
1287 3541 1396 3607 Nil
1467 3542 1593 3607 nisi
1663 3542 2011 3625 imaginum
2084 3543 2574 3624 umbrarumque
2629 3543 2804 3607 vitae
2859 3543 3010 3606 olim
3067 3543 3134 3606 in

800 3644 1123 3728 superiore
1164 3649 1372 3708 terrae
1413 3643 1555 3708 loco
1601 3651 1803 3710 actae.
1902 3644 2068 3709 Hinc
2122 3644 2502 3728 intelligitur
2545 3665 2654 3709 cur
2694 3644 2848 3709 inde
2891 3664 2932 3708 a
2973 3645 3135 3709 Pan-

800 3746 998 3811 dorae
1051 3745 1272 3810 fabula
1325 3743 1561 3809 tradita
1615 3752 1747 3810 tam
1802 3746 2127 3813 humiliter
2183 3745 2265 3812 de
2320 3767 2466 3831 spe,
2524 3747 2755 3810 virtute
2808 3745 2925 3810 illa
2977 3746 3134 3810 chri-

799 3848 1008 3914 stiana
1022 3894 1038 3927 ‚
1113 3846 1429 3912 senserint
1482 3866 1624 3912 cum
1678 3848 1924 3930 antiqui
1982 3848 2210 3915 Graeci
2226 3850 2268 3926 ¹)
2324 3848 2394 3912 in
2446 3848 2812 3913 universum
2826 3894 2843 3929 ‚
2917 3854 3136 3930 utpote

799 3967 964 4033 quae
1020 3948 1309 4014 homines
1363 3967 1535 4014 vana
1587 3949 1863 4034 quadam
1918 3957 2140 4033 pascat
2201 3949 2434 4014 fiducia
2495 3949 2783 4031 nihilque
2853 3949 3136 4015 conferat

937 4152 974 4251 ¹»)
1008 4185 1069 4235 V.
1106 4184 1435 4235 animadvers.
1471 4201 1521 4236 n.
1560 4185 1623 4236 ad
1645 4187 1767 4237 Hes.
1795 4188 1890 4253 Op.
1918 4188 2000 4238 94.
2056 4186 2219 4235 Aliter
2253 4186 2414 4236 sensit
2438 4185 2694 4250 Theognis
2715 4184 2799 4235 El.
2835 4202 2880 4239 v.
2905 4188 3035 4238 1135
3061 4201 3132 4250 sq.

798 4271 957 4322 Bekk.
1027 4270 1178 4321 Hanc
1225 4269 1530 4319 contrariam
1576 4272 1878 4320 sententiam
1924 4272 2076 4321 etiam
2112 4271 2359 4321 Goethius
2394 4269 2676 4321 Achilleide
2722 4268 2821 4320 diis
2868 4271 3135 4321 homericis

799 4354 1030 4407 subdidit
1062 4354 1282 4420 egregiis
1317 4352 1481 4404 verbis
1515 4369 1567 4420 p.
1592 4356 1706 4407 281.
