3499 5219
1727 416 2293 479 —276—

1047 579 1364 666 20A231cip
1409 578 1565 656 αναξ
1608 586 1843 644 λευκοῖο
1889 580 2094 662 λαχὼν
2134 581 2373 662 σνμήια
2418 588 2736 655 πεσσοῦ,

1226 669 1351 731 Καὶ
1399 663 1509 745 τὴν
1550 668 1881 747 ἓσσομὲνην
1923 667 1995 729 οὐ
2042 667 2227 729 νοέων
2269 669 2520 771 παγ”ζιὸα
2948 728 2955 745 ,

1145 752 1537 834 Τριχθαὸιάς
1580 750 1854 833 ἀδόκητοι
1894 750 2109 832 βαλὼν
2149 754 2439 834 ψηιῙ-ῒὸας
2482 748 2594 814 ἀπ’
2643 749 2879 833 ἠθμοῦ,

1222 838 1501 942 Πύργου
1511 794 1865 946 dovpatle'ov
1911 839 2158 917 κλίμακι
2205 837 2569 942 κευθομένῃ,

1136 923 1301 985 Aoni
1347 923 1446 984 καὶ
1488 918 1556 996 εξ
1600 948 1697 984 και
1745 922 1915 985 πέντε
1962 923 2314 1003 κατήγαὶεν,
2361 919 2578 984 αὐτίκα
2624 917 2689 983 d’
2697 916 2856 983 ὀκτώ

1043 1021 1102 1070 25
1201 1003 1523 1114 ’Ἀζυγας
1565 1002 1720 1088 εἶχεν
1761 1005 1911 1081 ὅλας
1953 1004 2191 1089 πρόσθε
2235 1008 2527 1087 μεριζοψ
2470 1030 2646 1079 ιενας.

1144 1089 1398 1174 Τάβλην
1442 1090 1687 1198 φεύγετε
1729 1090 1967 1167 πάντες,
2013 1093 2135 1153 ἐπει
2182 1096 2285 1155 καὶ
2328 1093 2612 1196 κοίρανος
2655 1089 2841 1157 αὐτός

1223 1179 1445 1257 Κείς-νη
1487 1176 1598 1251 τὰς
1640 1174 1899 1260 ἀλόγοις
1941 1174 2053 1257 οὐχ
2094 1174 2360 1251 ὑπάλυξε
2405 1173 2614 1256 τύχας.

833 1299 934 1365 Ex
979 1298 1100 1362 hoc
1143 1298 1602 1381 epigrammate
1647 1299 1854 1364 elucet
1898 1297 2178 1364 Graecos
2220 1298 2290 1361 in
2332 1298 2554 1379 abaco,
2613 1297 2802 1363 lineis
2847 1296 3165 1378 distincto,

831 1390 984 1464 atris
1027 1398 1318 1481 albisque
1363 1401 1627 1464 calculis
1668 1398 1991 1464 interdum
2035 1400 2266 1465 lusisse
2309 1401 2432 1481 ita,
2479 1406 2549 1464 ut
2589 1399 2816 1464 horum
2871 1401 2977 1465 vel
3033 1419 3171 1483 pro-

831 1519 1045 1566 cessus
1089 1502 1195 1566 vel
1238 1521 1525 1568 recessus
1580 1522 1712 1566 non
1758 1500 2105 1583 dirigerent
2163 1501 2567 1583 cogitationis
2610 1500 2996 1584 sagacitate,
3056 1499 3171 1565 sed

830 1601 1084 1667 fortuito
1142 1602 1313 1668 iactu
1369 1604 1558 1668 trium
1602 1610 2017 1684 tesserarum,
2075 1604 2143 1668 in
2199 1603 2419 1687 phimo
2475 1602 2894 1667 conditarum.
2984 1602 3168 1667 Vnde

828 1703 991 1770 effici
1034 1704 1224 1770 facile
1266 1706 1472 1789 potuit
1512 1712 1582 1769 ut
1627 1705 1733 1786 qui
1776 1711 1971 1770 antea
2014 1707 2302 1770 calculos
2348 1724 2570 1770 omnes
2626 1703 2961 1769 habuisset
3004 1724 3166 1768 eom·

827 1825 1017 1890 pares
1061 1806 1270 1873 subito
1315 1827 1441 1871 uno
1484 1806 1655 1871 iactu
1698 1803 1785 1870 ad
1827 1806 2056 1871 incitas
2099 1806 2496 1889 redigeretur
2539 1826 2615 1871 eo
2646 1805 2819 1888 quod
2862 1807 3166 1888 plurimos

828 1909 1109 1974 calculos
1153 1908 1421 1974 haberet
1461 1908 1896 1990 incomitatos‚
1951 1914 2018 1971 ut
2064 1907 2189 1974 diei
2233 1909 2500 1974 solebat.
2588 1909 2724 1973 Hos
2766 1907 3166 1973 incomitatos

828 2011 932 2074 vel
978 2011 1117 2075 sine
1171 2011 1481 2075 tutamine
1535 2010 1790 2075 relictos
1847 2010 2126 2075 calculos
2184 2006 2421 2092 ἄζυγας
2479 2009 2639 2075 dixit
2695 2009 3008 2091 Agathias
3063 2011 3164 2075 vel

829 2109 1274 2193 μεριζομένας,
1310 2119 1642 2193 utrumque
1667 2112 1839 2177 enim
1858 2111 2260 2192 vocabulum,
2287 2119 2351 2177 et
2374 2107 2610 2195 ἄζυγας
2634 2118 2698 2176 et
2718 2110 3162 2192 μεριζομένας,

826 2212 918 2277 ita
973 2214 1303 2278 coniunxit
1370 2220 1437 2278 ut
1491 2213 1662 2278 idem
1719 2212 2125 2295 significaret,
2226 2214 2392 2280 Hinc
2449 2212 2855 2295 consequitur
2913 2234 3007 2279 vs.
3066 2218 3161 2278 25.

826 2315 1144 2396 Agathiae
1188 2315 1279 2381 sic
1324 2314 1844 2397 distinguendum
1887 2335 2060 2380 esse:
2115 2312 2396 2398 ’Ἀζυγας
2443 2307 2624 2396 εἶχεν.
2675 2309 2834 2390 ὅλας
2879 2312 3157 2396 πρόσθε,

826 2414 1269 2497 μεριζομένας.
1344 2409 1540 2479 Ὅλαι
1598 2417 1770 2482 enim
1814 2424 1962 2482 sunt
2004 2436 2368 2501 compares,
2427 2417 2650 2498 quales
2693 2424 2845 2482 ante
2903 2418 3162 2483 novissi·

829 2539 1003 2582 mum
1060 2518 1294 2582 iactum
1349 2517 1572 2582 habuit
1628 2518 1836 2600 Zeno,
1895 2519 2230 2602 oppositae
2289 2515 2539 2597 ἄζυξιν,
2611 2538 2878 2600 quarum
2932 2518 3159 2585 fractus

829 2619 984 2684 ordo
1039 2626 1236 2702 esset,
1298 2620 1644 2701 qualesque
1700 2621 1911 2686 subito
1966 2622 2141 2688 Zeno
2212 2620 2438 2687 habuit
2501 2621 2725 2686 ultimo
2785 2628 3158 2688 tesserarum

826 2722 1012 2786 iaetu.
1080 2722 1186 2787 Sic
1228 2721 1560 2787 commode
1603 2723 1960 2788 carebimus
2003 2724 2107 2788 Fr.
2138 2724 2415 2789 Iacobsii
2459 2723 2819 2788 coniectura
2863 2721 3156 2808 πρόσθεν

825 2817 1353 2903 ὃριζομέναςὛθΙ
1399 2818 1652 2908 πρόσθ’
1703 2818 1832 2908 ὃμῆ
1878 2822 2192 2905 ἱζομένας.
2270 2826 2464 2891 Tales
2507 2825 2699 2907 igitur
2742 2821 2980 2908 ἄζυγας
3023 2831 3159 2902 (nos

823 2925 1208 2992 diceremus:
1255 2926 1496 2988 isolv'rte
1543 2923 1779 3003 Steine)
1838 2926 1989 3008 quin
2033 2928 2411 2993 Aristoteles
2466 2927 2535 2992 in
2579 2927 2793 2992 animo
2847 2927 3154 3010 habuerit,

825 3027 935 3091 vix
979 3026 1241 3092 dubium
1284 3046 1426 3092 esse
1467 3026 1738 3092 videtur.
1800 3028 2133 3094 Sententia
2174 3029 2367 3111 igitur
2395 3029 2765 3112 philosophi
2808 3029 2927 3094 erit
2969 3030 3156 3095 haec:

826 3128 1021 3211 „Und
1062 3148 1196 3194 wer
1238 3149 1342 3192 am
1387 3128 1569 3193 Staat
1603 3129 1783 3194 nicht
1824 3130 2211 3195 theilnimmt
2254 3131 2465 3196 seiner
2504 3131 2710 3195 Natur
2753 3132 2939 3213 nach,
2985 3131 3157 3196 nicht

824 3229 1024 3295 durch
1055 3231 1194 3295 sein
1225 3229 1563 3312 Geschick‚
1610 3231 1694 3295 ist
1738 3231 2066 3298 entweder
2095 3233 2199 3296 ein
2230 3233 2437 3315 Lump
2469 3232 2623 3297 oder
2654 3252 2725 3297 er
2751 3231 2921 3297 steht
2962 3233 3160 3298 hoher

822 3333 923 3396 als
968 3332 1073 3396 ein
1115 3330 1410 3413 Mensch,
1468 3331 1592 3396 wie
1638 3331 1752 3398 der
1807 3333 1980 3397 beim
2023 3334 2262 3399 Homer
2314 3334 2730 3417 gescholtene
2787 3333 3155 3415 ,‚zunftlose,

823 3434 1159 3515 rechtlose‚
1204 3432 1607 3514 heerdlose“,
1654 3432 1828 3499 denn
1872 3454 1942 3499 so
1986 3435 2163 3501 einer
2216 3437 2302 3500 ist
2344 3435 2544 3501 durch
2599 3436 2778 3501 scine
2822 3436 3028 3501 Natur
3069 3456 3156 3518 so,

823 3533 959 3599 und
1001 3534 1288 3617 zugleich
1346 3534 1451 3600 ein
1505 3535 1952 3616 begehrlicher
2010 3536 2125 3602 der
2165 3536 2582 3619 Zwietracht,
2640 3537 2789 3604 weil
2848 3557 2918 3602 er
2959 3538 3160 3602 isolirt

822 3637 906 3702 ist
948 3637 1071 3702 wie
1115 3637 1219 3701 ein
1262 3636 1538 3701 isolirter
1582 3637 1761 3702 Stein
1805 3637 1975 3703 beim
2020 3637 2442 3722 Bretspiele.“
2515 3637 2687 3703 Illud
2731 3646 2949 3705 autem
2990 3639 3159 3722 quod

822 3737 1078 3803 addidit
1118 3739 1496 3804 Aristoteles
1551 3740 1656 3802 καὶ
1702 3736 1999 3821 πολέμου
2046 3736 2466 3823 ἐπιθυμητής
2523 3760 2653 3804 non
2708 3746 2841 3805 tam
2885 3742 3158 3824 pertinet

821 3839 910 3905 ad
967 3841 1278 3904 calculum
1333 3840 1771 3905 incomitatum
1825 3861 2018 3924 quam
2075 3842 2162 3906 ad
2219 3841 2575 3923 solivagum
2618 3841 2972 3924 hominem,
3030 3843 3155 3925 qui,

820 3962 1016 4025 quum
1079 3942 1323 4007 familia
1394 3962 1524 4006 non
1587 3949 1828 4020 utatur,
1906 3942 2227 4008 neminem
2293 3942 2649 4008 extimescit
2711 3944 3161 4026 neminemque

819 4043 1050 4127 diligit,
1096 4044 1203 4126 qui
1226 4042 1471 4127 'pacem
1516 4044 1761 4127 spernit
1804 4044 2085 4126 bellique
2128 4044 2574 4129 cupidissimus
2619 4051 2733 4111 est.
