3499 5219
1654 417 2221 483 —102—

761 585 1137 668 conseripsit
1180 584 1490 653 Ernestus
1531 583 1857 666 Augustus
1870 630 1886 663 ,
1944 582 2015 649 in
2056 582 2202 649 sinu
2244 601 2390 648 eum
2432 581 2711 664 gessisse
2750 587 3002 651 constat
3045 586 3115 647 et

764 693 1025 772 propter
1079 686 1147 751 id
1202 688 1416 771 ipsum
1457 686 1801 755 Ernestum
1843 685 2199 767 Augustum
2253 683 2474 767 magni
2515 682 2761 751 feeisse.
2846 681 3109 750 Adden-

765 789 917 859 dum
961 795 1060 855 est
1099 795 1314 857 autem
1356 807 1567 870 neque
1608 786 1814 853 bonas
1871 786 2119 855 litteras
2173 785 2539 870 neglexisse
2593 791 2881 852 nostrum
2937 784 3108 868 prin-

763 891 968 974 cipem
983 938 1000 973 ,
1060 909 1249 972 quem
1306 896 1558 955 constat
1612 888 1906 972 inprimis
1961 887 2279 957 historicis
2323 894 2388 955 et
2427 888 2637 971 poetis
2674 888 3105 953 Romanorum

762 1013 1023 1076 operam
1082 992 1356 1059 dedisse.
1450 990 1658 1071 Quam
1712 991 1827 1059 ille
1885 989 2239 1057 doctrinam
2294 1009 2425 1057 non
2481 988 2799 1072 quaesivit
2854 987 3107 1072 gallicis

761 1094 1419 1176 interpretationibuS,
1480 1101 1549 1159 ut
1605 1093 1982 1176 plerumque
2036 1099 2171 1157 tum
2226 1092 2531 1175 temporis
2588 1090 2886 1157 solebant
2935 1090 3105 1173 prin.

761 1195 972 1279 cipum
1015 1195 1160 1277 filii,
1206 1194 1352 1277 sed,
1399 1215 1593 1278 quum
1635 1196 1797 1279 ipse.
1821 1194 2015 1265 sciret
2052 1193 2284 1275 latine,
2330 1213 2463 1259 non
2504 1192 2733 1263 fucatis
2773 1192 2915 1257 istis
2958 1189 3107 1256 Gal-

760 1299 965 1364 lorum
1006 1296 1430 1380 imagunculis
1472 1315 1623 1365 usus
1666 1304 1795 1380 est,
1855 1295 1975 1363 sed
2028 1295 2240 1363 fontes
2295 1293 2459 1359 adiit
2504 1294 2681 1378 ipsos
2724 1301 2789 1360 et
2830 1293 3107 1360 maiores

758 1400 912 1466 inde
954 1399 1194 1467 fructus
1236 1399 1422 1482 cepit.
1512 1399 1590 1463 In
1648 1418 1775 1481 quo
1829 1417 1975 1464 eum
2029 1395 2237 1479 magis
2291 1393 2542 1463 adiuvit
2584 1396 2934 1478 Boettigeri
2977 1396 3105 1461 ele·
3237 1433 3241 1436 -

757 1521 921 1584 gans
966 1501 1255 1567 doctrina
1268 1549 1285 1582 ,
1347 1521 1538 1582 quam
1595 1500 1867 1567 aliorum
1925 1498 2323 1582 quorundam
2363 1497 2809 1581 magistrorum
2850 1517 3105 1563 morosa

757 1610 824 1669 et
850 1622 1059 1686 paene
1088 1600 1424 1671 Orbiliana
1450 1603 1756 1691 gravitas.
1830 1602 2055 1685 Neque
2087 1600 2308 1667 deerat
2341 1599 2616 1683 principi
2656 1599 2727 1664 in
2768 1599 2870 1664 his
2913 1599 3107 1665 rebus

758 1703 1085 1771 Wielandi
1137 1704 1306 1773 lenis
1359 1703 1754 1786 adhortatio,
1813 1704 1953 1787 qui,
2013 1723 2207 1786 quum
2263 1701 2480 1785 gallici
2533 1701 2780 1784 ingenii
2833 1720 3104 1769 acumen

757 1825 899 1872 cum
942 1807 1291 1890 germanici
1332 1807 1532 1875 animi
1569 1806 1909 1873 virtutibus
1952 1806 2300 1889 copularet,
2346 1803 2714 1886 aptissimus
2757 1822 2901 1869 esse
2928 1801 3080 1868 vide

756 1907 944 1977 batur
985 1907 1292 1992 principis
1335 1907 1404 1972 in
1447 1908 1949 1991 elegantioribus
1989 1908 2239 1975 artibus
2277 1905 2599 1989 magister.

923 2010 1185 2077 Minime
1254 2009 1445 2092 igitur
1505 2010 1862 2079 verendum
1934 2016 2101 2091 erat,
2173 2027 2258 2077 ne
2312 2008 2405 2075 ita
2459 2012 2744 2075 moratus
2801 2005 3099 2090 princeps

754 2111 1102 2177 iuventutis
1156 2117 1446 2193 nostrae,
1501 2111 1595 2176 ita
1664 2112 1883 2177 animo
1940 2132 2015 2178 ac
2072 2112 2208 2176 vita
2265 2110 2641 2177 constitutus
2698 2107 3098 2188 adolescenS,

755 2213 1037 2277 moribus
1082 2232 1152 2278 se
1195 2214 1510 2296 corrumpi
1552 2219 1907 2296 pateretur,
1961 2234 2155 2297 quum
2198 2232 2241 2278 a
2280 2217 2464 2295 patre
2508 2209 2913 2277 serenissimo
2929 2257 2947 2292 ,
2993 2208 3103 2293 qui

753 2314 897 2397 ipse
940 2321 1161 2381 contra
1191 2315 1415 2381 Gallos
1460 2334 1601 2379 cum
1631 2315 1926 2383 Borussis
1967 2321 2371 2399 pugnaverat
2394 2310 2785 2393 ,fortissime,
2838 2312 2911 2377 in
2953 2311 3102 2377 Gal-

756 2415 918 2480 liam.
964 2417 1344 2497 mitteretur,
1402 2436 1616 2485 coram
1672 2425 2105 2500 spectaturus,
2164 2415 2318 2499 quid
2374 2418 2638 2498 possent
2689 2419 2824 2478 tam
2879 2433 3105 2489 recens

756 2517 1014 2585 condita
1056 2518 1390 2585 Gallorum
1430 2516 1831 2601 respublica,
1873 2540 2063 2602 quam
2103 2519 2298 2584 totius
2340 2516 2545 2598 urbis,
2591 2534 2869 2598 magnae
2911 2522 3104 2598 atque

753 2620 1153 2703 imperiosae,
1199 2626 1269 2688 ut
1312 2620 1476 2686 dixit
1516 2622 1783 2705 Ennius,
1828 2622 2192 2689 illecebrae.
2281 2620 2425 2699 Qua
2467 2617 2803 2685 occasione
2844 2616 3103 2683 silentio

715 2775 720 2782 .
754 2742 885 2787 non
928 2722 1463 2805 praetereundum
1507 2730 1605 2790 est
1647 2743 1906 2792 carmen
1921 2772 1939 2805 ,
1996 2743 2123 2806 quo
2175 2723 2520 2790 abeuntem
2560 2720 2914 2804 principem
2960 2740 3105 2803 pro*

755 2830 1010 2891 secutus
1050 2831 1148 2890 est
1189 2824 1557 2891 Schillerus.
1631 2823 1896 2908 Optavit
1939 2826 2110 2891 enim
2152 2823 2531 2892 immortalis
2572 2827 2798 2905 poe‘ta,
2856 2827 2928 2886 ut
2968 2827 3103 2888 tam

754 2946 915 3009 pura
984 2927 1358 3009 praecordia
1423 2933 1778 3010 reportaret
1841 2926 2137 3010 princeps
2195 2946 2276 2992 ex
2333 2932 2578 2994 cratere
2634 2923 3101 3006 ignivomorum

753 3028 1062 3094 mont-ium
1090 3064 1176 3074 -
1202 3028 1294 3095 sic
1338 3029 1510 3098 enim
1539 3029 1861 3096 Lutetiam
1906 3027 2068 3096 dixit
2093 3063 2181 3075 —-
2209 3046 2400 3109 quam
2443 3025 2783 3106 attulisset,
2840 3044 3007 3091 neve
3034 3025 3103 3092 in

753 3129 1120 3212 regionibus
1153 3130 1655 3212 transrhenanis,
1702 3130 1812 3195 ubi
1855 3128 2019 3196 fides
2048 3128 2429 3198 Germanica
2469 3127 2809 3208 desineret,
2853 3126 3103 3209 patriae

752 3250 909 3298 suae
965 3231 1119 3314 quid
1178 3231 1464 3314 deberet,
1541 3232 2039 3300 oblivisceretur.
2138 3231 2366 3313 Neque
2419 3229 2802 3296 Schillerum
2872 3227 3101 3295 fefellit

753 3327 989 3416 opinio,
1062 3333 1231 3397 Nam
1275 3334 1447 3415 quod
1489 3333 1962 3417 sapientissime
2006 3337 2421 3416 perspexerat
2458 3330 2727 3397 Carolus
2753 3331 3097 3413 Augustus,

753 3455 888 3504 non
927 3454 1118 3519 posse
1158 3434 1408 3504 felicius
1449 3435 1676 3504 evitari
1718 3435 2071 3518 perieulum
2116 3432 2287 3517 quod
2329 3432 2448 3497 tibi
2488 3431 2848 3515 immineat,
2910 3452 3101 3514 quam

754 3536 810 3601 si
853 3536 1113 3619 propius
1156 3536 1551 3620 adspexeris,
1595 3535 1665 3602 id
1693 3556 1847 3603 vere
1891 3535 2107 3602 evenit
2149 3535 2220 3600 in
2249 3531 2585 3600 CAROLO
2614 3531 3103 3615 FRIDERICO,

755 3637 865 3721 qui
881 3686 897 3719 ,
956 3658 1149 3720 quum
1204 3658 1322 3721 per
1372 3637 1633 3721 aliquod
1675 3645 1931 3722 tempus
1972 3636 2295 3702 Lutetiam
2337 3634 2745 3724 devertisset,
2802 3636 2944 3702 sine
2998 3634 3104 3701 de-

754 3737 992 3805 siderio
1047 3738 1431 3806 revisundae
1491 3738 1800 3806 discessit.
1897 3739 2110 3820 Atque
2172 3736 2242 3802 id
2305 3737 2650 3821 praecipue
2705 3736 3107 3821 Wolzogenii

753 3841 1038 3924 gravitas
1079 3840 1343 3905 videtur·
1378 3840 1684 3923 effecisse,
1731 3859 1921 3924 quem
1965 3838 2261 3908 comitem
2305 3858 2449 3906 esse
2490 3838 2798 3923 principis
2831 3839 3105 3907 iusserat

757 3942 1025 4010 Carolus
1065 3943 1409 4024 Augustus.
1498 3941 1665 4012 Vere
1722 3941 1894 4009 enim
1953 3940 2083 4006 dici
2136 3946 2379 4024 potest,
2438 3940 2751 4024 aptiorem
2805 3961 2937 4006 non
2994 3962 3105 4025 po-

755 4045 954 4112 tuisse
997 4043 1292 4112 comitem
1335 4044 1508 4127 eligi,
1553 4064 1745 4128 quam
1788 4042 2295 4127 Wolzogenium,
2339 4042 2467 4126 qui,
2519 4062 2711 4126 quum
2753 4042 2894 4127 ipse
2937 4049 3106 4110 esset

759 4145 1056 4214 Schilleri
1100 4144 1282 4228 levir,
1325 4145 1818 4214 Schillerianam
1865 4145 2291 4229 disciplinam,
2352 4163 2541 4226 quam
2588 4143 2761 4210 domi
2804 4150 3109 4229 expertus

756 4256 896 4316 erat
948 4248 1272 4331 princeps,
1336 4247 1530 4316 etiam
1584 4248 1738 4314 foris
1795 4246 1856 4312 ei
1911 4246 2241 4330 applicuit.
2330 4245 2436 4312 Sic
2478 4247 2695 4314 animo
2737 4254 2931 4330 atque
2973 4267 3106 4313 cor-

754 4369 914 4434 pore
968 4349 1219 4432 integer
1263 4349 1610 4418 Vimariam
1663 4346 1856 4416 rediit
1916 4347 2303 4418 CAROLUS
2362 4348 2899 4416 FRIDERICUS.
2990 4347 3107 4418 Oui
