3499 5219
1692 421 2261 486 ——280——

804 592 1102 658 evincere
1145 589 1317 672 quod
1359 589 1602 670 volunt,
1647 609 1800 653 nam
1852 588 1921 654 in
1976 587 2116 652 loco
2160 585 2612 669 Aristophanis
2666 586 3010 668 legendum
3051 597 3144 656 est

805 685 1057 778 πηνίκ’,
1105 683 1273 769 ἄττ’,
1321 682 1628 755 ἀπώλετο
1673 697 1742 755 ut
1786 686 1951 754 ἄττα
1993 710 2125 755 non
2169 690 2252 754 sit
2285 707 2632 772 pronomen
2676 687 2793 753 sed
2825 687 3141 774 προσφώ-

806 816 996 875 νησις
1041 789 1560 878 φιλοφρονητικὴ
1594 795 1742 856 νέου
1774 788 1946 874 πρὸς
1976 786 2440 873 πρεσβύτερον,
2489 796 2559 854 ut
2587 789 2742 855 dicit
2769 791 3143 875 Hesychius,

808 897 982 982 apud
1026 915 1215 980 quem
1257 896 1326 960 in
1369 893 1917 975 antecedentibus,
1965 893 2195 976 quibus
2252 886 2419 956 ἄττα
2474 891 2648 958 idem
2704 912 2848 959 esse
2907 892 3145 960 dixerat

807 1007 1001 1082 atque
1042 993 1211 1079 τινά,
1256 995 1600 1078 legendum
1644 1015 1789 1061 esse
1831 995 2086 1061 videtur
2131 988 2376 1075 ὁμοίως
2419 984 2462 1080 ἢ
2507 987 2543 1055 ὁ
2577 992 2778 1058 δεῖνα.
2844 996 3144 1078 Dirigitur

805 1101 997 1184 igitur
1036 1100 1106 1165 in
1147 1097 1597 1181 Aristophanis
1639 1098 1782 1162 loco
1826 1097 1913 1162 ad
1954 1097 2404 1163 Promotheum
2448 1096 2669 1161 oratic.
2754 1097 2964 1163 Locus
2991 1099 3147 1164 Phe-

806 1201 1070 1271 recratis
1112 1201 1435 1267 neminem
1475 1200 1844 1281 morabitur,
1889 1219 2082 1282 quum
2126 1193 2293 1262 ἄττα
2335 1198 2656 1282 pertineat
2698 1198 2785 1262 ad
2827 1194 3014 1263 ἄλλα.
3072 1201 3146 1265 In

807 1306 1010 1371 altero
1054 1309 1268 1369 autem
1314 1300 1645 1367 Chionidis
1688 1303 1831 1370 loco
1863 1293 2127 1383 ὁπηνίκ’
2177 1295 2343 1364 ἅτθ’
2394 1293 2582 1380 ὑμεῖς
2608 1292 2882 1364 κοπιᾶτ’
2932 1293 3146 1382 ὀρχού-

807 1428 994 1489 μενοι
1038 1404 1290 1471 videtur
1333 1399 1498 1467 ἅττα
1540 1403 1857 1470 indefiniti
1885 1403 2287 1469 accusativus
2327 1404 2410 1467 ab
2458 1395 2843 1483 ὀρχούμενοι
2872 1401 3148 1485 pendere

810 1515 879 1589 ut
908 1508 989 1574 sit
1018 1505 1370 1573 sententia:
1397 1514 1727 1590 postquam
1759 1505 2138 1590 aliquantum
2165 1496 2505 1586 (ὀρχήματ’
2543 1499 2732 1581 ἄττα)
2755 1505 3143 1577 salmom-itis,

814 1616 885 1677 ut
912 1607 1088 1693 apud
1118 1609 1454 1673 Platonem
1476 1607 1646 1672 Prot.
1678 1628 1741 1690 p.
1768 1610 1912 1671 316.
1942 1598 2165 1689 σμίκρ’
2202 1602 2367 1671 ἄττα
2399 1604 2886 1688 διατρίψαντες.
2946 1608 3150 1690 Atque

813 1710 1127 1778 eiusmodi
1170 1710 1363 1788 locos,
1411 1708 1620 1791 qualis
1662 1709 1768 1774 hic
1813 1716 1927 1790 est,
1972 1708 2041 1772 in
2084 1709 2299 1773 animo
2345 1708 2650 1774 habuisse
2692 1708 2945 1774 videtur
3002 1712 3150 1775 Era-

809 1812 1138 1879 tosthenes
1195 1830 1387 1892 quum
1446 1810 1686 1876 diceret
1738 1811 2056 1890 χρονικῶς
2110 1811 2303 1875 etiam
2364 1817 2737 1893 usurpatum
2781 1830 2926 1877 esse
2970 1808 3147 1876 ἄττα.

812 1914 1020 1993 Quam
1063 1913 1445 1978 sententiam
1490 1912 1604 1977 alii
1645 1914 1819 1978 male
1847 1910 1934 1977 ad
1962 1912 2127 1977 alios
2157 1911 2350 1977 etiam
2380 1912 2577 1993 locos,
2624 1932 2860 1995 eosque
2889 1920 3150 1978 autnon

808 2017 1092 2098 integros
1135 2021 1246 2079 aut
1286 2011 1651 2096 mendosos,
1697 2014 2118 2080 detorserunt.
2205 2015 2414 2096 Atque
2467 2013 2536 2078 in
2582 2013 2912 2080 Chionidis
2967 2017 3154 2081 versi-

814 2119 956 2183 culo
1016 2117 1260 2180 Πυθοῦ
1316 2113 1591 2195 χελιδών
1652 2107 1879 2200 πηνίκ’
1950 2110 2116 2178 ἄττα
2175 2118 2512 2199 φαίνεται,
2581 2116 2636 2181 si
2701 2117 2999 2201 absoluta
3060 2125 3151 2184 est

813 2218 1134 2285 sententia
1176 2237 1385 2300 neque
1430 2217 1767 2300 quicquam
1810 2224 2144 2301 praeterea
2196 2218 2581 2300 sequebatur
2635 2219 2805 2300 quod
2856 2220 3150 2286 omissum

814 2328 911 2386 est
954 2341 994 2385 a
1035 2319 1485 2402 grammaticis,
1530 2318 1685 2401 quid
1712 2318 2122 2384 statuendum
2153 2319 2236 2384 sit
2263 2319 2510 2385 nescire
2537 2340 2640 2386 me
2669 2319 2893 2385 fateor.
2954 2322 3150 2388 Nemo

813 2424 985 2488 enim
1042 2420 1384 2487 crediderit
1430 2420 1892 2502 grammaticis,
1952 2416 2029 2485 τὸ
2084 2416 2250 2485 ἄττα
2305 2416 2516 2486 ἐνίοτε
2568 2418 2938 2500 παρέλκειν.
3027 2424 3151 2490 Sed

813 2524 955 2591 sine
998 2522 1192 2588 dubio
1236 2528 1566 2606 corruptus
1610 2530 1708 2587 est
1763 2523 1941 2589 locus
1986 2521 2348 2605 Chionidis,
2408 2543 2599 2605 quum
2657 2523 2883 2589 Cobeti
2927 2525 3150 2603 (Novv.

812 2629 985 2693 lectt.
1031 2646 1093 2709 p.
1140 2627 1310 2702 278.)
1356 2625 1699 2708 explicatio
1743 2646 1877 2691 rem
1922 2626 2117 2709 plane
2160 2647 2291 2690 non
2336 2626 2659 2709 expediat.
2720 2627 2924 2708 Igitur
2967 2648 3150 2710 quum

813 2748 1024 2811 neque
1066 2728 1296 2791 πυθοῦ
1341 2747 1568 2793 sanam
1598 2728 1979 2793 sententiam
2010 2728 2318 2811 praebeat
2348 2733 2412 2793 et
2443 2729 2864 2811 Etymologus
2891 2732 3151 2812 Magnus

811 2851 879 2914 p.
929 2834 1068 2896 167.
1113 2848 1367 2894 versum
1411 2829 1633 2894 laudet
1676 2829 1768 2894 sic
1812 2825 2046 2912 πήθου
2085 2827 2362 2910 χελιδὼν
2420 2822 2629 2914 πηνίκ’
2680 2825 2848 2894 ἄττα
2890 2837 3148 2914 γίνεται,

816 2953 949 2998 non
991 2931 1075 2997 ab
1118 2951 1190 2997 re
1233 2930 1353 2996 erit
1395 2932 1701 2996 scribere:

1352 3030 1515 3110 ἰδοῦ,
1561 3028 1836 3113 χελιδών
1881 3034 2233 3116 τηνικαῦτα
2277 3027 2603 3116 φαίνεται,

814 3155 1006 3217 quum
1048 3133 1184 3199 fieri
1227 3154 1385 3200 sane
1427 3135 1721 3218 potuerit,
1768 3141 1838 3199 ut
1883 3142 1947 3200 et
1988 3135 2338 3200 scholiasta
2379 3135 2687 3218 Platonis,
2735 3138 3150 3220 Etymologus

815 3238 899 3302 M.
945 3235 1184 3318 aliique
1225 3236 1624 3318 grammatici
1666 3236 1993 3302 mendosis
2036 3235 2511 3319 exemplaribus
2554 3243 2881 3304 uterentur
2920 3241 2989 3305 in
3029 3241 3155 3322 qui-

816 3340 937 3404 bus
981 3331 1151 3402 male
1195 3338 1498 3420 scriptum
1544 3345 1681 3403 erat
1726 3343 2076 3421 τηνίκαττα
2121 3358 2237 3420 pro
2279 3339 2651 3421 τηνικαῦτα.
2744 3340 2977 3406 Verum
3008 3344 3157 3407 Era-

815 3441 1175 3505 tosthenem
1218 3439 1448 3504 vitioso
1492 3441 1846 3524 exemplari
1891 3461 2075 3507 usum
2118 3460 2261 3506 esse
2289 3460 2421 3504 non
2444 3440 2667 3522 cred03
2713 3442 2768 3506 is
2798 3444 2968 3507 enim
3000 3444 3154 3509 nihil

817 3541 1071 3608 videtur
1098 3539 1355 3627 'dixisse
1398 3540 1524 3605 nisi
1564 3542 1880 3621 χρονικῶς
1923 3543 2115 3608 etiam
2175 3539 2827 3624 παραλαμβάνεσθαι
2871 3543 2948 3607 τὸ
2993 3541 3154 3609 ἄττα

816 3643 1013 3724 idque
1054 3661 1206 3708 vere
1250 3660 1394 3706 eum
1440 3640 1681 3707 dixisse
1737 3664 1933 3727 supra
1990 3643 2530 3727 asseveravimus3
2594 3646 2892 3728 exempla
2949 3654 3157 3712 autem

818 3764 1141 3827 perversa,
1185 3742 1255 3806 id
1299 3749 1369 3807 ut
1412 3742 1956 3826 demonstrarent,
2002 3745 2390 3810 addiderunt
2433 3747 2702 3812 seriores
2743 3749 3154 3829 grammatici.

812 3844 975 3909 ‘1605
1020 3865 1135 3927 pro
1180 3845 1409 3909 πυθοῦ
1452 3845 1522 3909 in
1565 3866 1755 3911 versu
1798 3847 2018 3912 comici
2077 3847 2303 3931 scripsi
2358 3855 2709 3913 commotus
2751 3848 3158 3932 inscriptione

819 3947 1066 4029 antiqui
1119 3946 1324 4027 vasis,
1386 3946 1542 4012 editi
1597 3948 1665 4014 in
1708 3949 1987 4014 Monum.
2047 3949 2193 4016 dell’
2239 3948 2445 4014 Instit.
2501 3949 2673 4015 arch.
2734 3952 2809 4014 Τ.
2856 3951 2941 4015 ΙΙ.
3001 3954 3155 4016 Tav.

821 4049 1098 4130 XXIV„
1175 4054 1402 4131 postea
1471 4049 1539 4113 in
1612 4050 1851 4115 Annali
1925 4051 1991 4115 di
2063 4050 2455 4135 corrispond.
2529 4051 2805 4117 archeol.
2879 4054 2956 4117 T.
3017 4053 3156 4117 VII.

821 4174 884 4236 p.
932 4153 1053 4217 238
1101 4151 1283 4230 (TaV.
1330 4151 1622 4232 XXIV.),
1671 4151 1948 4235 denique
2005 4153 2234 4220 iterum
2289 4174 2331 4218 a
2385 4150 2716 4234 Panoflca:
2779 4153 3001 4218 Bilder
3055 4175 3160 4219 an-

819 4254 1005 4319 tiken
1060 4251 1315 4317 Lebens
1372 4273 1435 4335 p.
1483 4256 1584 4317 37.
1644 4253 1786 4318 Taf.
1845 4254 2057 4319 XVII.
2117 4277 2179 4320 n.
2228 4260 2286 4321 6.
2346 4254 2454 4320 ubi
2509 4253 2592 4320 de
2646 4257 3161 4338 praetervolante

821 4355 1030 4439 prima
1071 4353 1415 4419 hirundine
1460 4353 1614 4419 dicit
1668 4355 2046 4422 adolescens
2103 4355 2398 4440 quidam:
2467 4352 2612 4419 ἰδοῦ
2661 4354 2957 4437 χελιδών.
3047 4356 3162 4422 Cui
