3499 5219
1669 413 1795 418 -w
1886 379 2008 442 248
2100 411 2227 416 ——-

767 572 911 620 esse
941 557 1136 630 (certe
1163 548 1562 631 grammatici
1584 547 1799 629 graeci
1826 545 2041 612 dicuut
2068 542 2163 626 μά
2186 565 2329 612 6886
2353 542 2683 626 ἐπίρρημα
2708 540 3108 620 ἒπευκτικόν)
3167 548 3175 553 ’

771 660 1062 739 quartum
1104 670 1322 717 casum
1366 670 1497 713 non
1541 650 1665 715 nisi
1709 649 1994 733 elliptica
2034 648 2283 712 ratione
2325 648 2638 712 asciscere
2683 652 2894 729 potest
2928 646 3018 710 ita
3046 651 3113 709 ut

773 778 835 822 v.
881 776 933 823 c.
978 752 1071 837 μὰ
1113 756 1250 817 Δία
1304 749 1391 815 ad
1445 752 1709 816 verbum
1760 752 1923 816 nihil
1967 750 2049 815 sit
2091 750 2216 814 nisi
2257 749 2362 811 Ila
2405 770 2482 810 ne
2524 749 2734 810 Iovem
2770 748 3108 831 propicium

773 858 1029 921 habeam
1083 856 1143 916 si
1180 854 1379 916 sciens
1414 852 1593 935 sallo
1638 858 1703 918 et
1744 853 1800 917 si
1843 850 1930 917 ad
1972 850 2065 932 μὰ
2121 848 2234 914 τόν
2280 870 2362 916 ne
2406 850 2665 916 additur
2708 850 2966 932 quidem
3010 849 3109 913 dei

773 978 1027 1040 nomen,
1093 976 1225 1022 non
1288 974 1369 1020 ex
1433 954 1733 1036 religiosa
1798 953 2077 1035 quadam
2134 954 2496 1020 reverentia
2548 952 2618 1017 id
2679 953 2916 1017 factum
2975 971 3111 1018 esse

773 1058 1248 1139 arbitrabimur,
1320 1055 1437 1122 sed
1490 1056 1581 1120 ita
1634 1057 1950 1120 iurantem
2008 1056 2190 1137 quasi
2259 1054 2458 1137 digito
2516 1056 2621 1120 vel
2678 1061 2954 1120 statuam
3011 1054 3111 1118 dei

773 1167 1176 1247 praesentem
1222 1159 1328 1224 vel
1371 1160 1579 1241 ipsum
1624 1159 1872 1222 coelum
1915 1164 2325 1222 monstrasse.
2413 1156 2722 1222 Videmus
2783 1157 2976 1239 igitur
3015 1176 3112 1221 ac-

774 1264 1059 1331 cusativo
1115 1260 1351 1342 ubique
1407 1279 1555 1324 usos
1615 1278 1758 1324 esse
1802 1258 2081 1323 Graecos
2140 1279 2332 1340 quum
2388 1260 2674 1324 iurantes
2730 1278 2967 1323 nomen
3011 1258 3112 1323 dei

744 1367 1161 1437 invocarent.
1220 1360 1389 1439 Quid
1431 1368 1644 1427 autem
1689 1360 2094 1443 Strepsiades
2137 1360 2310 1443 apud
2353 1361 2896 1443 Aristophanem?
2940 1360 3113 1425 Post·

774 1488 962 1551 quam
1007 1466 1300 1531 Socrates
1342 1464 1482 1546 ipse
1524 1464 1592 1526 in
1635 1463 1758 1527 hac
1800 1482 1869 1527 re
1912 1469 2082 1527 recte
2135 1482 2286 1527 usus
2331 1469 2468 1527 erat
2510 1463 2876 1528 accusativo
2921 1463 3112 1526 utitur

771 1570 902 1650 ille,
949 1573 1018 1631 ut
1062 1565 1369 1646 diximUS,
1418 1564 1668 1646 dativo,
1728 1564 1899 1645 quod
1942 1566 2065 1629 hac
2120 1565 2438 1629 sententia
2482 1584 2670 1630 nemo
2714 1564 2865 1629 fecit
2923 1562 3111 1629 Grae-

773 1685 1036 1736 corum.‘
1108 1668 1330 1748 Longe
1390 1667 1560 1731 enim
1620 1666 1920 1731 differunt
1994 1662 2269 1745 ὀμνύναι
2332 1663 2467 1729 τινί
2520 1690 2586 1729 τι
2656 1668 2874 1727 iurare
2932 1667 3118 1726 alicui

774 1773 837 1850 (i.
870 1791 925 1836 e.
970 1769 1237 1846 homini)
1284 1768 1525 1851 aliqu-id
1564 1774 1627 1832 et
1670 1769 1887 1829 iurare
1931 1767 2172 1851 aliquid
2202 1788 2327 1850 per
2370 1769 2636 1851 aliquem
2682 1769 2746 1842 (i.
2781 1789 2835 1833 e.
2883 1768 3111 1841 deum).

774 1871 1231 1940 contendimus
1285 1870 1478 1952 igitur
1531 1890 1662 1932 non
1716 1870 1810 1933 ita
1864 1869 2194 1952 scripsisse
2248 1870 2763 1953 Aristophanem.
2852 1870 3113 1934 Accedit

772 1977 904 2041 alia
939 1994 1158 2055 causa,
1204 1991 1369 2054 quae
1412 1992 1542 2035 non
1586 1990 1814 2035 sanum
1866 1989 2008 2036 esse
2060 1970 2230 2035 hunc
2272 1973 2480 2036 locum
2525 1980 2848 2054 coarguat.
2908 1972 3112 2054 Nega-

772 2083 954 2143 verat
981 2075 1275 2140 Socrates
1316 2093 1386 2139 se
1429 2072 1640 2137 colere
1684 2071 1841 2137 deos
1883 2074 2182 2154 vulgares
2227 2079 2289 2137 et
2330 2073 2422 2138 ita
2464 2073 2722 2156 quidem
2766 2082 3112 2157 negaverat

774 2184 842 2243 ut
884 2176 1183 2258 rusticus,
1230 2175 1402 2257 quod
1444 2174 1557 2238 ille
1604 2173 1686 2238 de
1739 2176 1912 2238 cultu
1955 2194 2069 2239 suo
2133 2173 2415 2258 dixerat,
2462 2176 2543 2242 de
2586 2176 2862 2260 pecunia
2904 2195 3111 2241 crasse

772 2280 1179 2361 intelligeret.
1267 2277 1405 2344 Iam
1450 2277 1981 2358 exspectabamus
2034 2276 2567 2358 interrogaturum
2609 2278 2806 2343 fuisse
2849 2278 3113 2360 Strepsi-

774 2380 996 2461 adem,
1055 2400 1176 2462 qua
1235 2377 1479 2439 tandem
1538 2398 1648 2439 vos
1704 2379 1950 2439 utimini
1980 2380 2277 2461 pecunia,
2337 2400 2412 2440 cm
2451 2379 2706 2462 ferreis
2748 2382 3009 2441 nummis
3051 2389 3117 2440 ut

776 2482 1089 2565 Byzantii
1099 2479 1126 2541 f!
1188 2479 1312 2543 Ille
1369 2498 1554 2559 ver0,
1602 2479 1772 2560 quod
1815 2481 2325 2562 inexspectatum
2371 2489 2525 2563 erat,
2572 2480 2658 2546 ad
2701 2482 2955 2546 iurandi
2998 2480 3113 2546 for-

774 2584 1016 2649 mulam
1059 2581 1181 2648 hoc
1222 2599 1436 2646 rursus
1481 2579 1814 2663 detorquet
1859 2601 2201 2663 quaerens:
2262 2603 2385 2667 per
2440 2603 2616 2667 quem
2672 2584 2867 2667 igitur
2909 2584 3114 2647 soletis

775 2681 1034 2748 iurare?
1100 2704 1178 2746 an
1204 2682 1396 2765 forte
1431 2704 1557 2766 per
1600 2704 1877 2745 nummos
1900 2682 2172 2765 ferreos
2190 2735 2205 2763 ‚
2252 2694 2322 2746 uc
2355 2684 2521 2769 fieri
2571 2686 2729 2747 solet
2776 2684 3116 2770 Byzantii?

776 2787 945 2866 Quid
989 2785 1159 2851 enim
1202 2783 1381 2850 aliud
1424 2783 1510 2849 ad
1556 2779 1783 2866 ὥσπερ
1831 2782 1896 2849 ἐν
1942 2784 2282 2869 Βυζαντίῳ
2325 2787 2610 2870 suppleri
2654 2790 2888 2871 poterit
2928 2809 3114 2871 quam

778 2884 1105 2968 ὀμνὺασιὶ)
1177 2884 1362 2965 Quod
1407 2887 1876 2969 ineptissimum
1922 2906 2063 2952 esse
2106 2888 2375 2953 videtur.
2443 2890 2608 2954 Nam
2655 2893 2796 2972 quis
2840 2911 3114 2973 unquam

773 2990 969 3056 fando
1014 2988 1290 3070 audivit,
1338 2989 1508 3071 quod
1551 2990 1900 3053 scholiasta
1943 2988 2392 3073 Aristophanis
2436 2999 2737 3073 nugatur,
2785 3013 2901 3076 per
2943 3014 3117 3056 num-

775 3112 915 3158 mos
971 3097 1081 3156 aut
1136 3092 1482 3175 Byzantios
1547 3097 1656 3155 aut
1710 3091 1909 3154 alium
1967 3111 2328 3174 quenquam
2385 3094 2630 3159 iurasse
2688 3093 3117 3159 Graecorum?

777 3195 845 3260 Si
889 3213 1041 3259 vero
1085 3194 1176 3256 ita
1217 3192 1645 3258 intellexeris:
1691 3191 1864 3254 Num
1888 3192 2082 3275 forte
2105 3214 2226 3276 per
2268 3215 2544 3258 nummos
2567 3195 2838 3278 ferreos
2878 3197 3113 3265 iuram,

779 3294 1059 3379 qualibus
1089 3303 1346 3355 utuntur
1374 3294 1688 3377 Byzantii
1697 3289 1725 3355 ‚P
1754 3314 1883 3358 non
1913 3295 2123 3359 minus
2153 3290 2479 3380 haerebis3
2523 3317 2673 3362 nam
2705 3297 2875 3380 quod
2904 3299 3118 3380 inepte

779 3397 861 3463 de
903 3395 1233 3480 Byzantiis
1274 3395 1584 3459 monitum
1630 3403 1793 3476 erat,
1854 3396 2028 3461 haud
2072 3416 2230 3462 sane
2274 3399 2486 3481 aptius
2531 3398 2613 3464 de
2655 3399 2917 3466 Socrate
2961 3401 3119 3465 eius-

778 3518 901 3579 que
944 3497 1207 3562 asseclis
1251 3516 1421 3561 nunc
1466 3495 1701 3561 dictum
1748 3504 1937 3562 esset.
1999 3498 2349 3581 Vtrumque
2390 3500 2636 3567 insulse
2664 3502 3118 3584 Aristophane-

778 3619 902 3681 que
946 3618 1102 3664 sane
1145 3618 1336 3681 quam
1379 3598 1664 3681 indigne.
1725 3599 1938 3677 Quare
1981 3600 2072 3666 sic
2113 3601 2270 3666 mihi
2312 3600 2652 3668 videbatur
2694 3603 3119 3669 restituendus

776 3703 955 3765 locus
1001 3720 1174 3767 esse:

1650 3853 2259 3917 ΣΤΡΕΨῙΛΔΗΣ.

1722 3977 1810 4053 τῷ
1856 3968 2184 4052 νομίζετ’
2232 3966 2343 4036 οὖν

1440 4056 1702 4138 σιδαρᾶς
1741 4056 1947 4139 ὥσπερ
1994 4056 2054 4120 ἐν
2098 4059 2452 4145 Βυζαντίῳ,·

774 4165 1179 4273 Construitur
1223 4205 1511 4286 υομίζειν
1556 4229 1698 4273 cum
1743 4211 1969 4306 dativo
2004 4213 2197 4278 simili
2226 4215 2544 4279 sententia
2588 4215 2746 4278 locis
2776 4213 3119 4278 notissimis

777 4309 957 4393 apud
1000 4309 1393 4374 Herodotum
1437 4309 1521 4393 ΙΙ,
1570 4317 1668 4378 50.
1716 4312 1826 4395 IV,
1874 4318 1973 4379 63.
2027 4321 2196 4396 117.,
2257 4323 2320 4381 et
2364 4315 2537 4398 apud
2581 4315 3024 4400 Thucydidem
3067 4315 3116 4397 Ι,
