3499 5219
1315 426 1448 449 -—¹-
1540 408 1657 472 139
1756 441 1881 450 *—

425 575 718 637 decoram
775 584 837 636 te
893 573 1177 657 transfer
1229 576 1292 636 in
1352 574 1562 637 aedem
1635 576 1740 641 vel
1806 576 1975 660 lapis
2029 576 2492 660 persentiscere
2547 577 2770 660 potuit,

425 677 727 742 sollemni
781 675 1057 758 quodam
1112 675 1250 757 die,
1322 675 1592 743 fortasse
1648 677 1881 758 natali,
1953 698 2168 740 versus
2221 676 2614 742 Horatianos
2677 680 2770 741 in·

424 779 695 862 scm'ptos
716 777 934 861 [κάδεα
955 776 1223 860 foribus
1262 773 1573 862 Glycerae
1614 800 1656 844 a
1698 799 1772 845 se
1817 777 2110 845 dilectae.
2183 780 2514 845 Eiusmodi
2556 786 2769 846 autem

426 881 757 962 versiculi,
821 879 1024 945 sicubi
1060 879 1185 966 'vel
1242 878 1504 945 honoris
1558 881 1665 946 vel
1703 887 1897 947 notae
1939 901 2133 946 causa
2173 882 2430 965 publice
2472 883 2772 950 inscribe-

426 984 661 1048 bantur
713 981 1064 1066 praemisso
1118 981 1379 1046 nomine
1436 982 1572 1047 eius
1585 1029 1602 1063 ‚
1659 981 1744 1047 ad
1800 1002 1990 1065 quem
2048 983 2270 1049 directi
2329 991 2510 1049 erant
2522 1032 2538 1066 ‚
2611 985 2772 1050 anti-

428 1085 639 1167 quitus
697 1083 1072 1151 dicebantur
1125 1082 1355 1164 elogia.
1454 1083 1561 1148 Sic
1602 1084 1812 1149 Plaut.
1856 1085 2114 1151 Mercat.
2159 1085 2244 1165 ΙΙ,
2307 1089 2365 1167 3,
2429 1091 2529 1158 74.
2576 1089 2770 1165 (409.)

800 1237 1178 1314 Impleantur
1222 1239 1555 1314 eloqiorum
1597 1255 1768 1298 meae
1804 1240 1976 1314 sores
2019 1241 2405 1302 carbonibua

426 1389 614 1469 Quod
658 1389 1039 1454 vocabulum
1095 1409 1226 1453 non
1282 1395 1379 1454 est
1431 1408 1727 1471 graecum
1783 1408 1991 1471 neque
2046 1389 2382 1472 quicquam
2438 1409 2771 1457 commune

427 1492 622 1557 habet
678 1510 821 1555 cum
878 1491 1164 1573 eulogio,
1225 1509 1388 1572 quae
1446 1510 1574 1554 vox
1630 1496 1727 1557 est
1782 1491 2002 1572 nihili,
2060 1492 2167 1556 vel
2222 1511 2366 1557 cum
2421 1490 2768 1576 ἐλλογίμῳ,

426 1593 544 1660 sed
600 1593 730 1658 alia
784 1599 881 1658 est
935 1612 1140 1675 eaque
1194 1592 1512 1674 antiquior
1565 1593 1876 1675 scriptura
1930 1612 2044 1675 pro
2101 1593 2378 1677 eloquio,
2436 1600 2506 1658 ut
2562 1594 2770 1677 prolo-

427 1697 644 1778 quium
702 1695 1040 1776 habemus‚
1100 1694 1270 1776 quod
1325 1695 1642 1760 Pacuvius
1701 1694 1953 1759 dicebat
2000 1694 2357 1777 proloqium
2415 1697 2498 1772 (v.
2545 1695 2771 1761 Festus

426 1819 477 1865 s.
523 1800 632 1878 vn),
690 1804 754 1864 et
803 1797 1257 1879 anteloquium,
1316 1795 1487 1878 quod
1528 1794 1702 1878 apud
1743 1797 2042 1861 Plautum
2085 1796 2415 1862 Menaech.
2459 1798 2620 1881 prol.
2674 1801 2769 1863 13.

428 1907 524 1966 est
568 1900 959 1981 anteloqium.
1034 1899 1112 1962 In
1154 1898 1297 1981 ipsa
1337 1899 1529 1980 igitur
1570 1898 1869 1963 vocabuli
1912 1897 2333 1980 originatione
2374 1918 2583 1981 neque
2611 1899 2772 1964 vitu-

426 2002 589 2085 perii
642 2019 851 2083 neque
904 1998 1294 2065 laudationis
1349 2001 1517 2066 inest
1572 1999 1951 2082 significatio
2007 1997 2124 2065 sed
2177 2000 2467 2065 adiectae
2522 2006 2770 2065 tantum

427 2104 682 2187 publice
736 2101 1045 2185 propositi
1100 2101 1377 2167 nominis
1434 2121 1683 2167 causae.
1785 2101 1892 2166 Sic
1948 2101 2207 2166 honoris
2263 2121 2457 2166 causa
2519 2101 2772 2168 adiecta

427 2212 574 2271 sunt
617 2204 827 2286 elogia
868 2203 938 2269 in
977 2204 1406 2269 monumentis
1450 2204 1763 2268 clarorum
1807 2203 2083 2267 virorum
2139 2203 2315 2285 apud
2358 2203 2641 2270 Ciceron.
2688 2205 2771 2271 de

427 2307 600 2372 finib.
645 2307 731 2388 II,
779 2310 879 2371 35.
966 2305 1158 2387 „Non
1217 2306 1429 2388 elogia
1479 2310 2032 2370 monumentorum
2082 2305 2152 2369 id
2193 2304 2552 2387 significant
2594 2308 2771 2373 velut

427 2410 546 2474 hoc
588 2408 675 2473 ad
717 2415 965 2491 portam
1010 2428 1137 2472 uno
1182 2427 1292 2473 ore
1333 2407 1435 2472 cui
1477 2408 1791 2489 plurimae
1834 2407 2239 2472 consentiunt
2279 2414 2506 2489 gentes
2548 2409 2771 2492 populi

424 2511 795 2595 primarium
859 2509 1057 2576 fuisse
1114 2509 1385 2574 virum.“
1472 2509 1547 2574 V.
1608 2509 1916 2577 Niebuhr.
1975 2508 2121 2575 hist.
2177 2528 2332 2573 rom.
2390 2510 2441 2591 Ι,
2515 2531 2578 2593 p.
2625 2513 2766 2576 286.

426 2614 676 2680 Similia
721 2614 933 2695 elogia
976 2612 1169 2678 etiam
1210 2611 1387 2696 apud
1432 2612 1710 2678 Graecos
1754 2612 2016 2677 inscribi
2059 2611 2250 2677 solita
2299 2609 2496 2678 fuisse
2547 2614 2613 2677 in
2659 2633 2768 2696 pa-

422 2715 687 2781 rietibus
716 2715 899 2780 testis
929 2720 1026 2779 est
1053 2714 1378 2798 Aristoph.
1402 2713 1837 2779 Accharnens.
1861 2718 1962 2779 85.
1995 2720 2058 2778 et
2085 2713 2153 2777 in
2182 2712 2423 2780 foribus
2444 2714 2638 2797 Vesp.
2665 2718 2766 2780 97.

427 2815 858 2881 Callimachus
887 2816 1139 2898 Fragm.
1171 2816 1371 2881 LXV.
1404 2816 1614 2880 Bentl.
1704 2814 1886 2880 Conf.
1917 2815 2230 2880 Valcken.
2262 2815 2484 2899 fragm.
2518 2815 2767 2881 Gallim.

427 2919 589 3000 eleg.
644 2939 707 3001 p.
754 2920 932 3001 211.;
991 2917 1285 2983 breviora
1341 2918 1532 2982 etiam
1587 2916 1999 2982 inveniuntur
2053 2917 2121 2980 in
2164 2917 2337 2982 vasis
2383 2917 2769 2984 Graecorum

423 3019 741 3084 fictilibus.
839 3019 1223 3101 Plerumque
1294 3025 1510 3084 tamen
1574 3038 1694 3082 usu
1751 3018 1965 3084 evenit
2019 3023 2273 3100 postea,
2349 3025 2416 3083 ut
2471 3019 2769 3103 vituperii

427 3121 854 3203 exprimerent
882 3126 1121 3185 notam.
1197 3121 1302 3187 Sic
1338 3120 1615 3204 elogium
1659 3118 2017 3184 censorium
2059 3139 2191 3184 non
2236 3118 2447 3185 differt
2489 3121 2571 3185 ab
2616 3128 2768 3187 nota

425 3222 744 3303 censoria,
805 3228 868 3287 et
922 3223 991 3287 in
1048 3222 1652 3289 exheredationibus
1708 3220 1872 3285 nihil
1928 3227 2065 3286 erat
2107 3220 2231 3286 nisi
2274 3221 2529 3287 adiecta
2573 3242 2768 3288 causa

426 3322 972 3405 exheredationis‚
1032 3325 1211 3390 cuius
1267 3324 1359 3390 rei
1418 3324 1718 3406 exempla
1760 3342 1821 3386 V.
1868 3322 2044 3405 apud
2085 3322 2478 3388 Brissonium
2523 3324 2604 3389 de
2646 3324 2768 3389 for-

430 3424 619 3491 mulis
662 3446 725 3509 p.
760 3428 901 3489 578.
975 3426 1053 3491 In
1097 3425 1199 3491 his
1241 3425 1533 3508 inprimis
1566 3430 1663 3489 est
1690 3422 1856 3488 illud
1887 3422 2206 3490 Ciceronis
2234 3445 2350 3508 pro
2382 3424 2630 3491 Cluent.
2663 3429 2765 3493 48.

426 3526 656 3608 „Quod
727 3527 1004 3609 elogium
1073 3529 1377 3593 recitasse
1449 3526 1531 3591 de
1601 3530 1983 3591 testamento
2056 3524 2169 3589 Cn.
2227 3527 2486 3608 Egnatii
2547 3527 2765 3611 patris,

422 3628 700 3693 hominis
757 3629 1189 3695 honestissimi
1232 3627 1535 3693 videlicet
1583 3633 1648 3692 et
1691 3626 2179 3710 sapientissimi,
2240 3627 2474 3692 idcirco
2533 3648 2603 3694 se
2662 3649 2767 3694 ex-

421 3728 768 3795 heredasse
811 3730 1031 3811 filium,
1086 3730 1258 3814 quod
1299 3729 1354 3795 is
1400 3729 1481 3793 ob
1525 3726 1867 3811 Oppianici
1911 3726 2386 3794 damnationem
2431 3731 2767 3813 pecuniam

422 3831 841 3915 accepisset.“
928 3832 1177 3897 Similia
1218 3831 1429 3914 elogia
1470 3837 1730 3914 propter
1772 3836 2023 3913 turpem
2066 3849 2326 3896 causam
2367 3832 2768 3916 inscripsisse

422 3934 750 3998 Romanos
793 3940 858 3999 et
901 3932 1180 3999 Graecos
1236 3934 1305 3997 in
1356 3932 1630 4017 publicis
1684 3931 1845 3996 locis
1898 3937 2168 3997 testatur
2211 3932 2432 3999 Cicero
2475 3935 2544 3999 in
2588 3935 2766 4000 Verr.

423 4033 541 4114 ΠΙ,
590 4039 703 4099 33:
748 4034 875 4117 „de
904 4054 1030 4117 qua
1058 4035 1324 4100 muliere
1351 4054 1573 4101 versus
1603 4032 1861 4118 plurimi
1905 4052 2100 4116 supra
2140 4035 2421 4100 tribunal
2467 4041 2530 4101 et
2573 4055 2770 4119 supra

423 4136 737 4219 praetoris
803 4142 993 4219 caput
1048 4136 1601 4202 inscribebantur“
1659 4141 1722 4201 et
1776 4135 2098 4218 Pompeiis
2172 4136 2484 4202 eiusmodi
2555 4138 2768 4220 elogia

424 4238 790 4303 etiamnunc
851 4243 1192 4320 supersunt
1245 4238 1551 4321 inscripta
1606 4238 1674 4303 in
1728 4236 2077 4320 parietibus
2133 4240 2438 4305 basilicae
2493 4246 2563 4304 ut
2615 4239 2766 4304 hoc:

427 4339 776 4405 LVCILIA
850 4339 972 4404 EX
1047 4338 1433 4406 CORPORE
1505 4338 1856 4406 LVCRVM
1927 4338 2359 4407 FACIEBAT
2437 4347 2501 4405 et
2572 4338 2766 4405 illud:
