3499 5219
1880 410 1998 471 174
2086 442 2220 448 —-

765 578 1152 644 hexametris
1196 577 1479 660 singulos
1522 585 1988 661 pentametros,
2047 587 2421 662 argumento
2478 601 2607 644 non
2651 588 2945 664 corrupto
2987 583 3099 664 sed

767 681 985 764 inepte
1049 686 1407 760 attenuate,
1481 680 1821 764 insereret3
1895 681 2429 764 quemadmodum
2495 683 2685 748 etiam
2745 683 3099 747 Timolaum

766 783 1033 865 singulis
1074 782 1461 847 hexametris
1504 783 1765 847 Homeri
1820 804 1966 849 suos
2020 783 2349 849 addidisse
2401 784 2684 866 singulos
2727 783 2924 848 tradit
2966 785 3101 849 Sui·

771 884 905 949 das.
993 884 1194 966 Igitur
1236 884 1811 966 Wassenberghius
1868 886 1934 949 in
1990 887 2158 951 notis
2213 887 2298 950 ad
2343 886 2603 951 Homeri
2647 886 2850 949 vitam
2893 907 2955 970 p.
3012 894 3097 950 11.

768 987 1038 1052 coniecit
1080 987 1395 1068 Pigretem
1439 987 1771 1068 antiquum
1816 988 2150 1070 Margitem
2203 988 2494 1053 iambicis
2547 988 2837 1053 versibus
2895 989 3101 1053 simul-

768 1110 889 1171 que
932 1091 1106 1150 novz‘s
1150 1090 1300 1149 iocis
1343 1089 1671 1169 permultis
1715 1090 2177 1171 permiscuisse,
2224 1096 2293 1153 ut
2333 1090 2756 1173 interpolatus
2800 1090 3100 1172 Margites

767 1192 940 1254 solus
984 1197 1209 1273 postea
1250 1190 1576 1254 hominum
1620 1191 1917 1256 manibus
1960 1198 2307 1271 teneretur,
2359 1198 2552 1274 atque
2593 1191 2746 1257 inde
2789 1213 3098 1257 rumorem

660 1359 664 1364 ,
768 1293 1078 1374 Margitae
1134 1292 1215 1356 ab
1273 1292 1526 1373 Pigrete
1579 1294 1798 1375 scripti
1853 1301 1936 1361 (V.
1983 1292 2215 1359 Suidas
2271 1316 2331 1358 v.
2379 1297 2750 1377 Μαργίτης)
2806 1314 3101 1359 manasse

700 1479 703 1480 ⁷
762 1394 832 1457 in
873 1395 1122 1475 vulgus.
1830 1467 1836 1474 ,

933 1496 1089 1561 Mihi
1142 1517 1294 1561 vero
1350 1496 1605 1562 videtur
1660 1496 1912 1580 Pigres,
1988 1499 2174 1563 aliter
2240 1504 2432 1579 atque
2485 1498 2831 1562 Homerum
2894 1500 3097 1581 ipsum

760 1598 1071 1664 inutiliter
1113 1599 1266 1664 olim
1309 1599 1826 1681 interpolaverat,
1873 1599 2141 1681 singulis
2177 1599 2258 1664 de
2288 1600 2558 1681 Margite
2587 1600 3094 1681 narratiunculis,

761 1700 844 1764 ab
900 1702 1163 1782 antiquo
1222 1708 1480 1765 auctore
1534 1702 1833 1766 carminis
1877 1701 2115 1765 heroici
2159 1702 2529 1784 propositis,
2589 1701 2921 1767 addidisse
2963 1702 3098 1767 bre-

756 1803 1087 1867 vissimam
1147 1802 1640 1885 explicationem
1695 1803 2035 1885 moralem,
2095 1823 2364 1885 eamque
2420 1825 2550 1868 non
2596 1803 2916 1887 ineptam,
2975 1823 3097 1884 qua

760 1903 1092 1970 doceretur
1162 1904 1316 1985 quid
1386 1903 1474 1969 ad
1542 1905 1741 1969 vitam
1804 1904 2129 1968 hominum
2193 1907 2424 1971 rectius
2486 1904 2809 1987 agendam
2871 1905 3099 1971 afferre

755 2008 1031 2071 voluerit
1071 2013 1307 2088 auctor,
1352 2006 1547 2089 idque
1586 2006 1814 2071 fecisse
1857 2007 2125 2071 senariis
2167 2007 2398 2073 iambis
2439 2007 2787 2073 interiectis
2832 2006 2942 2088 qui
2982 2028 3094 2089 pro

650 2119 653 2122 ’
758 2108 1125 2191 epimythiis
1168 2115 1413 2189 essent,
1460 2110 1677 2190 qualia
1719 2109 1788 2172 in
1830 2108 2072 2192 Aesopi
2113 2115 2224 2173 aut
2265 2110 2486 2174 Babrii
2525 2108 2761 2173 fabulis
2804 2108 3094 2190 legimus.

757 2209 897 2287 Quo
942 2211 1150 2274 effecit
1188 2210 1331 2291 ille,
1390 2217 1459 2274 ut
1514 2218 1739 2292 postea
1781 2211 2085 2293 Margites
2132 2211 2430 2294 antiquus
2472 2230 2691 2276 carere
2732 2230 2863 2274 non
2907 2229 3095 2293 posse

756 2310 1081 2376 videretur
1134 2312 1236 2376 his
1293 2312 1562 2377 senariis
1617 2312 1875 2377 additis.
1976 2313 2147 2377 Nam
2204 2313 2259 2379 si
2315 2312 2586 2378 traditur
2642 2310 2915 2377 Iliadem
2973 2312 3095 2375 hoc

755 2412 946 2477 modo
987 2414 1412 2496 interpolasse
1452 2414 1772 2495 Pigretem

1113 2549 1326 2626 ΖΙἸῆνιν
1370 2543 1530 2611 ἄειδε
1572 2545 1696 2609 θεὰ
1738 2528 2114 2629 Πηληιάδεώ
2146 2545 2442 2629 Ἀχιλῆος,

1206 2635 1463 2709 Μοῦσα,
1508 2633 1585 2696 σύ
1628 2633 1747 2718 γὰρ
1793 2633 1994 2714 πάσης
2033 2633 2276 2716 πείρατ’
2324 2633 2476 2713 ἔχεις
2517 2634 2741 2717 σοφίης

754 2791 975 2836 omnes
1016 2771 1471 2836 intellexerunt
1512 2772 1729 2856 inepte
1771 2772 2001 2837 lusisse
2029 2772 2352 2837 hominem
2381 2772 2696 2855 genioque
2723 2769 3088 2853 indulsisse,

753 2894 961 2957 neque
1018 2892 1398 2955 quemquam
1451 2872 1646 2939 fuisse
1701 2880 1834 2937 tam
1890 2874 2147 2938 stultum
2216 2881 2512 2959 putamus
2582 2873 2689 2956 qui
2742 2873 3089 2938 Homerum

751 2975 1020 3059 Pigretis
1072 2982 1478 3059 praeoptaret
1520 2976 1645 3058 ipsi
1688 2976 1984 3041 Homero,
2068 2976 2274 3041 Aliter
2327 2976 2518 3058 igitur
2574 2982 2637 3040 et
2691 2977 2888 3040 multo
2946 2997 3090 3058 pru-

751 3078 1005 3143 dentius
1060 3076 1287 3143 fecisse
1343 3076 1599 3142 videtur
1652 3077 1721 3141 in
1765 3078 2066 3161 Margita3
2127 3078 2262 3143 eius
2319 3078 2490 3143 enim
2533 3077 2821 3160 vestigiis
2864 3085 3091 3161 postea

745 3179 1083 3245 incessisse
1136 3179 1389 3245 videtur
1443 3180 1617 3245 Zeno
1674 3199 1867 3261 quum
1918 3180 2250 3262 Margitem
2306 3181 2655 3244 illustraret
2711 3199 2792 3244 ex
2835 3178 3088 3244 Stoicae

750 3280 1129 3368 disciplinae
1165 3281 1435 3365 placitis.
1509 3282 1687 3346 Haec
1731 3281 1787 3346 si
1829 3288 1999 3347 recte
2043 3281 2366 3365 disputavi
2409 3282 2680 3365 primum
2726 3288 2788 3346 et
2831 3281 3084 3346 tertium

750 3403 964 3448 eorum
1007 3402 1302 3447 versuum
1348 3403 1505 3465 quos
1547 3384 1789 3467 primus
1832 3384 2144 3467 protraxit
2185 3383 2698 3464 LindemannUS,
2757 3404 2890 3447 non
2945 3402 3088 3447 esse

748 3484 1259 3550 commentatoris
1316 3485 1653 3568 apparebit
1694 3485 1800 3549 vel
1843 3485 2207 3568 interpretis
2250 3485 2592 3567 Margitae,
2652 3485 2905 3567 qualem
2951 3484 3082 3548 dixi

747 3585 941 3651 fuisse
982 3586 1331 3669 Pigretem,
1390 3586 1508 3651 sed
1548 3587 1751 3669 inepti
1794 3586 2267 3670 amplificatoris
2310 3586 2738 3669 grammatici,
2798 3585 2905 3668 qui
2956 3606 3083 3649 uno

745 3706 934 3753 versu
988 3688 1300 3771 Margitae
1357 3707 1438 3753 ex
1493 3688 1837 3753 scholiasta
1879 3688 2360 3772 Aristophanis,
2419 3695 2490 3752 ut
2543 3687 2733 3753 fidem
2790 3695 3082 3765 mereret,

745 3796 1019 3872 arrepto,
1065 3797 1309 3855 ceteros
1352 3789 1549 3854 animi
1595 3796 1657 3855 et
1701 3790 1983 3873 exempli
2025 3809 2218 3855 causa
2261 3788 2530 3855 addidit.
