3499 5219
432 564 613 628 Iolae
655 581 932 646 persona
975 564 1430 646 Imperatorem
1472 563 1811 633 intellexit.
1898 568 1977 632 In
2019 567 2141 633 hac
2186 569 2355 634 enim
2401 572 2625 657 ecloga
2679 574 2772 639 in-

426 665 773 733 veniuntur
813 683 1032 729 versus
1075 664 1175 729 hi:

735 785 846 846 Ille
886 783 1028 843 mihi
1071 783 1263 845 facilis
1316 819 1380 828 -

732 872 876 930 11113
916 870 1096 948 dedit,
1140 870 1301 929 dedit
1342 870 1444 931 ille
1486 890 1625 931 suos
1666 872 1902 931 titulum
1943 873 2096 934 inter
2139 876 2435 937 alumnos:

735 950 977 1015 Addidit
1018 959 1077 1015 et
1118 955 1317 1015 verbis
1359 960 1791 1016 monumentum
1835 962 1894 1017 et
1934 959 2150 1035 pignus
2193 960 2464 1022 honoris‘

731 1041 824 1099 Ex
867 1056 1012 1100 urso
1055 1043 1356 1117 pugnante
1390 1044 1628 1118 pedem,
1676 1043 1779 1118 qui
1821 1043 2077 1120 cingitur
2120 1062 2294 1119 auro,

738 1127 1101 1200 Cornuaque
1141 1125 1385 1186 alternis
1428 1129 1549 1187 duo
1592 1127 1754 1204 picta
1794 1129 2089 1189 coloribus
2131 1134 2253 1206 uri,

731 1212 810 1270 Et
851 1211 1027 1273 dixit:
1081 1218 1145 1271 tu
1185 1219 1390 1272 noster
1436 1215 1576 1285 eric,
1625 1230 1957 1288 carumque
1997 1218 2273 1278 vocabat.

422 1329 628 1412 ‘Igitur
657 1328 778 1390 duo
820 1328 928 1389 uri
964 1347 1200 1389 cornua
1241 1327 1311 1392 in
1349 1329 1542 1410 galea
1582 1329 1808 1395 habuit
1849 1329 2151 1413 Stigelius
2166 1380 2182 1413 ‚
2227 1335 2365 1395 ursi
2395 1333 2618 1418 pedam
2659 1336 2766 1403 vel

424 1449 674 1514 ungues
715 1430 784 1494 in
825 1429 968 1513 ipso
1010 1439 1184 1491 scuto
1229 1439 1454 1492 aurato
1469 1475 1487 1502 ,
1507 1432 1549 1506 ¹)
1596 1436 1660 1496 et
1700 1438 1928 1514 postea
1971 1432 2210 1517 duplici
2254 1434 2511 1517 quidem
2553 1437 2764 1522 sigillo

420 1552 578 1598 usus
622 1538 736 1614 est,
782 1532 987 1596 altero
1030 1529 1375 1614 grandiori,
1422 1550 1546 1612 quo
1589 1532 1930 1616 inscriptus
1974 1542 2072 1600 est
2113 1537 2321 1619 clipeo
2355 1538 2484 1603 ursi
2511 1539 2763 1622 unguis,

422 1634 650 1700 addita
693 1633 883 1716 galea
926 1653 1068 1697 cum
1110 1633 1208 1697 uri
1252 1632 1567 1715 cornibus,
1612 1635 1818 1701 altero
1861 1635 2002 1701 sine
2043 1638 2251 1719 galea.
2265 1639 2311 1715 2)

593 1736 716 1801 Η10
757 1733 998 1799 addere
1053 1734 1272 1800 licebit
1327 1754 1490 1816 quae
1534 1735 1619 1799 Μ.
1664 1737 1929 1803 Toxites
1972 1739 2348 1804 Τ11011311313
2404 1741 2511 1806 vel
2552 1742 2765 1808 Raeti-

418 1858 564 1920 cus,
625 1837 708 1902 de
750 1856 873 1919 quo
916 1836 1045 1901 iam
1088 1857 1282 1920 supra
1337 1836 1613 1902 diximus
1627 1884 1643 1913 ‚
1702 1839 2120 1921 epithalamio
2165 1840 2414 1924 Stigelii
2455 1842 2765 1926 Argento-

418 1947 561 2006 rato
605 1938 1015 2021 Vitebergam
1056 1939 1271 2020 misse,
1319 1939 1598 2021 scripsit.

591 2078 765 2138 Illum
812 2075 1163 2155 (Stigelium)
1210 2077 1470 2153 equitum
1514 2077 1768 2136 clemens
1811 2077 2052 2138 donavit
2096 2078 2314 2139 Caesar
2355 2080 2598 2161 honore,

676 2164 1059 2239 Ingenuaque
1104 2162 1265 2223 dedit
1306 2161 1609 2222 nobilitate
1653 2161 1790 2220 frui.

590 2250 841 2308 Munera
882 2251 1194 2322 praeterea
1238 2247 1557 2307 constantis
1599 2246 1771 2323 signa
1813 2246 2036 2308 favoris

675 2332 918 2392 Addidit
960 2350 1036 2390 ex
1079 2352 1217 2394 urso
1259 2333 1649 2409 belligerante
1694 2331 1904 2408 pedem

593 2419 946 2493 Cornuaque
989 2417 1233 2480 alternis
1276 2419 1391 2478 duo
1434 2418 1592 2495 picta
1634 2417 1931 2477 coloribus
1973 2416 2087 2496 uri,

675 2503 858 2580 Signa
899 2501 1047 2561 haec
1088 2504 1291 2564 invicti
1330 2501 1587 2581 pectoris
1630 2519 1760 2561 esse
1803 2501 2011 2561 solent.
2030 2499 2074 2577 ³)

555 2743 590 2807 ¹)
625 2742 685 2790 V.
720 2740 857 2794 Phil.
888 2740 998 2791 Iac.
1034 2736 1248 2804 Speneri
1278 2737 1564 2802 Insignium
1601 2737 1813 2787 theoria.
1869 2735 1967 2787 Ed.
2004 2737 2073 2785 II.
2108 2737 2244 2787 Frcf.
2279 2753 2330 2803 p.
2367 2740 2485 2793 323.
2620 2739 2660 2807 ⁸)
2695 2744 2759 2796 In

417 2828 639 2879 Archivo
673 2827 829 2878 Duce.
868 2825 1015 2874 Saxx.
1052 2821 1360 2874 Vimariensi
1395 2821 1635 2889 epistolas
1672 2821 1881 2886 Stigelii
1916 2821 2089 2871 inveni
2137 2838 2251 2872 cum
2298 2823 2381 2873 his
2429 2824 2632 2890 sigillis,
2703 2827 2760 2877 Si

414 2914 534 2978 quis
570 2915 779 2978 quaerat
813 2926 903 2959 cur
931 2910 1104 2975 pedem
1139 2908 1355 2959 ursinum
1391 2908 1522 2971 (eine
1557 2906 1892 2970 Barenklaue)
1930 2911 2168 2970 tanquam
2207 2907 2377 2958 nobile
2415 2908 2617 2974 insigne
2654 2911 2758 2962 Sti-

411 2997 550 3063 33110
588 2993 878 3061 praebuerit
912 2993 1108 3053 Caesar,
1144 2990 1306 3041 fateor
1341 3009 1417 3042 me
1451 2992 1545 3041 hoc
1583 2992 1793 3041 nescire.
1856 2990 1953 3040 Sed
1991 3007 2146 3055 quum
2181 2991 2318 3042 inter
2352 3008 2524 3044 omnes
2560 3000 2760 3046 constet

412 3097 565 3147 quam
601 3080 823 3130 flexuosa
859 3079 926 3128 sit
962 3078 1131 3127 omnis
1164 3076 1264 3126 ista
1298 3092 1550 3127 armorum
1585 3075 1861 3142 symbolica
1893 3074 2050 3125 medii
2082 3077 2221 3138 aevi,
2259 3078 2542 3141 putaverim
2578 3080 2759 3132 Caesa-

416 3183 520 3216 rem
555 3165 773 3215 voluisse
809 3164 975 3228 ipsum
1010 3177 1191 3212 nomen
1216 3160 1423 3226 Stigelii
1455 3176 1549 3226 per
1585 3159 1835 3226 quandam
1869 3159 2300 3223 significationem
2334 3159 2576 3214 indicare.
2632 3167 2756 3218 Ger·

412 3250 579 3300 manis
613 3248 747 3299 enim
782 3247 1069 3299 Biirenklau
1103 3251 1155 3295 31
1188 3245 1337 3295 Italis
1375 3248 1696 3297 brancorsina
1730 3244 1876 3295 audit
1904 3260 1962 3295 ea
1996 3245 2175 3310 planta
2209 3260 2338 3309 quae
2367 3263 2547 3312 graece
2568 3251 2759 3306 dicitur

409 3335 675 3385 acanthus.
746 3332 848 3388 Qui
884 3332 1129 3382 acanthus
1165 3347 1319 3395 quum
1352 3331 1421 3380 sit
1455 3330 1713 3381 aculeatus
1755 3345 1935 3380 nomen
1974 3329 2180 3396 Stigelii
2228 3331 2384 3396 (quod
2429 3336 2759 3403 etymologica

413 3436 517 3471 non
554 3419 751 3468 differre
787 3422 912 3481 puto
948 3416 1010 3467 ab
1046 3415 1342 3465 nominibus
1379 3414 1629 3477 Stickelii‚
1666 3415 1903 3464 Stichelii
1937 3420 1988 3464 et
2024 3415 2342 3481 Stichlingii)
2379 3421 2508 3473 tecte
2545 3422 2756 3485 quadam

411 3505 576 3570 figura
609 3503 911 3569 expressisse
942 3501 1142 3551 videtur
1175 3501 1470 3565 Imperator.
1540 3501 1673 3549 Nam
1708 3501 1862 3550 etiam
1897 3500 2032 3566 apud
2067 3501 2154 3552 Du
2192 3500 2429 3568 Canyium
2465 3504 2559 3565 (ed.
2599 3508 2657 3558 G.
2691 3511 2751 3558 A.

412 3590 477 3643 L.
510 3587 833 3651 Henschelii)
870 3589 1003 3654 stiya
1036 3585 1323 3650 explicatur
1358 3584 1569 3647 aculeus,
1606 3586 1842 3638 stimulus.
1914 3584 2152 3637 Ceterum
2185 3585 2381 3636 nemini
2426 3588 2616 3640 irascar
2668 3595 2757 3658 qni

413 3675 544 3725 mihi
579 3689 682 3724 non
719 3673 1041 3722 assentiatur.
1122 3717 1129 3726 ,
1197 3669 1234 3734 ³)
1270 3686 1317 3719 v.
1356 3669 1549 3736 Spener
1580 3670 1776 3736 Insign.
1814 3670 1971 3721 theor.
2008 3687 2056 3736 p.
2095 3674 2238 3733 240.,
2291 3687 2352 3722 ex
2399 3688 2499 3737 quo
2546 3684 2758 3742 apparet

409 3760 602 3825 „pedes
639 3757 838 3807 ursinos
874 3760 1091 3806 resectos
1127 3754 1207 3805 vel
1242 3754 1469 3819 avulsos,
1522 3755 1727 3820 saepius
1776 3755 1999 3805 inveniri
2049 3755 2104 3805 in
2155 3754 2361 3821 clipeis,
2414 3763 2509 3821 „ut
2554 3762 2754 3826 signum

411 3845 558 3895 fortis
594 3848 646 3893 et
680 3842 900 3892 sollertis
935 3841 1086 3890 viri.“
1123 3839 1319 3890 of.Joh.
1341 3840 1663 3890 Schosserum
1699 3840 1836 3906 apud
1871 3840 2202 3891 Periandrum
2239 3840 2494 3902 (German.
2530 3861 2579 3909 p.
2617 3849 2754 3912 580).

412 3932 477 3980 In
542 3928 718 3994 pedem
784 3927 1013 3977 ursinum
1071 3924 1324 3975 Johannis
1378 3925 1599 3990 Stigelii.
1669 3926 1730 3975 In
1796 3925 1982 3977 litteris
2052 3924 2221 3975 Caroli
2274 3925 2336 3975 V.
2389 3926 2452 3976 ad
2509 3926 2754 3980 Sabinum

408 4015 545 4065 datis
572 4015 695 4064 haec
730 4013 971 4078 leguntur
1006 4011 1066 4061 de
1100 4008 1392 4075 insignibus
1429 4008 1607 4060 Sabini
1637 4009 1891 4075 „clipeum
1928 4010 2213 4061 coeruleum
2249 4010 2384 4061 etin
2420 4026 2479 4061 3ο
2507 4013 2755 4078 Pegasum

410 4098 698 4160 candidum,
735 4114 795 4148 ex
831 4095 1050 4146 nubibus
1088 4094 1353 4156 volantem,
1391 4094 1488 4144 alis
1520 4095 1575 4144 in
1612 4095 1769 4145 altum
1805 4096 2069 4161 porrectis,
2104 4095 2299 4160 galeam
2330 4111 2446 4146 vero
2475 4099 2754 4150 cancellato

407 4200 511 4245 ore,
550 4184 714 4248 qualis
750 4182 877 4232 solet
910 4198 1016 4231 esse
1051 4179 1340 4230 nobilitatis
1375 4197 1478 4229 non
1512 4184 1809 4246 postremae,
1847 4184 1898 4230 et
1930 4180 1987 4229 in
2021 4180 2167 4245 galea
2200 4180 2357 4231 alium
2374 4182 2620 4245 Pegasum
2640 4200 2754 4235 cum

411 4268 630 4319 nubibus
667 4267 823 4319 simili
859 4267 1020 4331 figura
1056 4280 1183 4329 quae
1220 4269 1297 4315 est
1331 4265 1385 4314 in
1422 4264 1600 4330 clipeo.
1670 4266 1928 4315 Postremo
1961 4270 2249 4330 tegumenta
2287 4265 2441 4332 clipei
2490 4273 2538 4316 et
2583 4269 2753 4333 galeae

406 4354 655 4403 distincta
691 4352 885 4402 duobus
921 4348 1189 4411 coloribus,
1227 4350 1455 4400 coeruleo
1491 4355 1543 4400 et
1578 4349 1719 4400 albo:
1759 4350 2174 4416 quemadmodum
2198 4351 2322 4401 haec
2341 4353 2509 4401 omnia
2529 4356 2754 4404 exactius
