3499 5219
1774 423 2339 486 —224—--

886 587 1231 674 legendum
1274 607 1418 656 esse
1460 596 1751 656 censeret
1792 610 1908 674 pro
1953 576 2023 655 εὖ
2067 613 2138 670 γε
2182 587 2479 675 στοχάζῃ.
2568 590 2741 656 Illud
2800 592 2971 658 enim
3030 579 3101 657 εὖ
3159 602 3269 675 γε·

887 691 1162 776 στοχάζῃ
1209 691 1561 758 rectissime
1603 691 1800 757 habet
1841 692 2017 776 apud
2047 692 2461 776 Sophoclem3
2505 694 2667 758 nihil
2714 693 2886 760 enim
2916 694 3236 778 significat

886 795 1065 861 aliud
1108 814 1299 877 quam
1342 794 1529 876 Lanq
1571 795 1758 856 zielst
1800 793 1882 856 du
1939 798 2195 877 (nempe
2243 795 2611 878 priusquam
2657 796 2854 861 telum
2901 804 3047 864 tuae
3093 818 3234 863 ora-

884 897 1077 963 tionis
1121 897 1374 963 emittis.
1462 898 1526 962 Is
1581 897 1753 962 enim
1811 898 1918 979 qui
1975 904 2268 963 accurate
2324 884 2443 975 (εἶ)
2500 898 2845 964 emissurus
2890 906 2989 964 est
3029 901 3230 966 telum

888 1000 998 1065 diu
1041 999 1361 1083 speculari
1404 1006 1598 1065 antea
1638 999 1813 1095 solet·
1845 1018 1969 1081 quo
2013 997 2261 1064 emittat
2303 999 2636 1066 tutissime.

1056 1102 1188 1169 Sed
1227 1120 1480 1168 cursum
1523 1108 1731 1167 teneo.
1778 1100 1854 1164 V.
1901 1104 2022 1166 233
2069 1120 2164 1183 sq.
2209 1120 2379 1166 nunc
2423 1101 2513 1167 sic
2555 1102 2891 1184 leguntur:

1324 1267 1495 1341 τέλος
1535 1293 1598 1349 γε
1641 1268 1846 1348 μέντοι
1893 1266 2065 1347 δεῦρ’
2114 1269 2382 1349 ἐνίκησεν
2422 1272 2632 1347 μολεῖν

1321 1354 1450 1416 σοι’·
1496 1354 1586 1415 κεί
1628 1352 1696 1416 τὸ
1738 1353 1935 1434 μηδὲν
1976 1356 2180 1433 ἐξερῶ,
2227 1351 2450 1435 φράσω
2496 1351 2561 1415 δ”
2608 1351 2792 1433 ὅμως.

1321 1446 1431 1519 τῆς
1472 1439 1717 1511 ἐλπίδος
1758 1437 1873 1520 γὰρ
1921 1437 2174 1517 ἔρχομαι
2223 1438 2629 1521 δεδραγμένος

1323 1524 1392 1587 τὸ
1435 1522 1522 1606 μὴ
1568 1527 1797 1585 παθεῖν
1841 1523 1919 1585 ἂν
1963 1521 2114 1586 ἄλλο
2158 1522 2319 1605 πλὴν
2360 1521 2430 1586 τὸ
2472 1520 2792 1603 μόρσιμον.

887 1698 965 1763 In
1021 1698 1251 1781 quibus
1306 1695 1431 1762 duo
1488 1704 1638 1762 sunt
1689 1696 1982 1779 inprimis
2038 1716 2203 1779 quae
2252 1717 2294 1762 a
2337 1696 2656 1781 Sophocle
2700 1697 2871 1763 dicta
2913 1718 3057 1765 esse
3098 1719 3226 1764 non

887 1807 1174 1884 possunt,
1217 1799 1492 1885 primum
1534 1797 1697 1863 illud
1742 1794 1856 1862 σοί
1895 1799 2291 1882 ineptissime
2333 1798 2695 1866 adhaerens
2739 1800 3052 1883 superiori
3091 1820 3225 1866 ver-

886 1903 1107 1983 sicu10,
1154 1899 1391 1968 deinde
1433 1896 1510 1966 τὸ
1555 1900 1754 1979 μηδέν
1805 1921 1920 1985 pro
1964 1922 2088 1984 quo
2132 1901 2448 1967 vocabulo
2491 1900 2568 1964 τὸ
2615 1899 2827 1966 δεινὸν
2872 1904 2977 1967 vel
3022 1904 3224 1969 simile

888 2002 1150 2088 aliquod
1193 2003 1576 2069 vocabulum
1621 2003 2128 2086 exspectaveris3
2186 2004 2307 2068 hoc
2364 2004 2535 2070 enim
2593 2003 2836 2070 sciebat
2877 2005 3096 2086 miles,
3158 2025 3223 2071 se

885 2106 1328 2190 gravissimum
1386 2105 1684 2170 nuncium
1742 2105 1873 2170 iam
1930 2105 2094 2171 ferre
2153 2105 2411 2171 Creonti
2427 2154 2443 2187 ‚
2511 2106 2689 2171 cuius
2742 2107 3029 2189 gravitas
3085 2107 3223 2190 ipsa

888 2229 1019 2291 non
1064 2227 1140 2274 eo
1182 2207 1550 2288 levabatur,
1603 2214 1673 2272 ut
1714 2206 1869 2272 dicit
1912 2205 2473 2290 SchneidewinuS,
2531 2207 2703 2290 quod
2746 2214 3072 2273 auctorem
3114 2210 3222 2273 cri-

887 2311 1076 2376 minis
1117 2330 1250 2376 non
1292 2309 1498 2393 potuit
1539 2307 1827 2376 indicare
1868 2310 2157 2375 nuncius.
2235 2310 2439 2376 Alteri
2480 2330 2691 2376 noxae
2732 2309 3056 2375 medicina
3098 2331 3220 2375 non

886 2419 1147 2497 paratur
1188 2412 1452 2494 Bergkii
1496 2411 1890 2477 coniectura:
1947 2417 2075 2487 σοί,
2120 2409 2217 2476 κεί
2262 2412 2322 2482 τὶ
2369 2412 2570 2497 μηδὲν
2615 2409 2830 2492 ἐξερῶ,
2879 2395 3215 2495 ‹podem-9³

890 2509 1106 2595 ὅμωςς
1161 2513 1253 2579 sic
1309 2513 1481 2580 cuim
1535 2514 1896 2597 scripsisset
1937 2513 2287 2596 Sophocles
2341 2522 2582 2595 καίπερ
2634 2513 2835 2595 μηδὲν
2881 2510 3219 2594 ἐξεροῦντα

887 2616 1060 2700 quod
1115 2636 1307 2699 quam
1362 2635 1733 2700 perversum
1792 2616 1876 2682 sit
1932 2617 2140 2699 quivis
2197 2614 2405 2699 videt3
2478 2616 2596 2684 sed
2660 2616 2731 2682 id
2785 2617 2997 2700 ipsum
3057 2617 3221 2700 quod

887 2721 1079 2803 longe
1121 2719 1304 2802 peius
1348 2725 1477 2799 est,
1537 2716 1615 2781 τὸ
1658 2717 1892 2801 μηδέν,
1951 2718 2259 2784 intactum
2315 2719 2572 2802 reliquit
2614 2720 2931 2802 Bergkius
2947 2768 2963 2801 ‚
3020 2720 3218 2802 magis

889 2819 971 2887 de
1014 2827 1123 2885 σοι’
1165 2820 1560 2903 pronominis
1604 2828 1761 2903 apta
1802 2820 2119 2903 positione
2162 2820 2470 2886 sollicitus
2513 2842 2705 2903 quam
2747 2821 2829 2886 de
2871 2830 3049 2888 recta
3092 2842 3219 2887 ver-

889 2943 997 2990 sus
1052 2922 1391 2989 sententia.
1490 2922 1701 2988 Primo
1766 2922 2073 3007 putabam
2131 2921 2514 3006 Sophoclem
2586 2924 2917 3006 scripsisse
2986 2923 3064 2988 τὸ
3136 2921 3214 3007 μὴ

888 3023 1048 3091 ἅδον
1095 3023 1195 3103 (τὸ
1236 3015 1475 3111 μῆδόν)
1519 3025 1625 3089 vel
1668 3022 1753 3087 τὰ
1794 3021 1880 3107 μὴ
1929 3017 2191 3099 ἁδόντα,
2239 3044 2363 3106 quo
2405 3031 2622 3091 tamen
2664 3025 3004 3108 participio
3047 3044 3218 3109 prae-

886 3135 985 3194 ter
1024 3126 1374 3194 Pindarum
1417 3127 1527 3210 qui
1568 3147 1719 3192 usus
1762 3126 1845 3191 sit
1887 3126 2017 3191 scio
2074 3125 2416 3192 neminem.
2517 3125 2703 3191 Nunc
2756 3146 2910 3192 vero
2964 3126 3218 3210 ineptis-

888 3229 1116 3296 simum
1170 3248 1425 3294 versum
1481 3227 1837 3294 eiciendum
1893 3247 2034 3293 esse
2088 3227 2328 3308 iudico,
2388 3227 2497 3310 qui
2537 3228 2958 3311 interpolatus
3002 3236 3102 3295 est
3139 3229 3215 3294 ab

886 3350 983 3410 e0,
1028 3330 1130 3396 cui
1173 3329 1402 3396 deesse
1443 3330 1783 3396 videbatur
1825 3329 2216 3414 apostropha
2258 3327 2346 3394 ad
2391 3327 2745 3396 Creontem.

1055 3431 1237 3512 Quae
1279 3452 1472 3516 porro
1512 3439 1891 3514 sequuntur:

1379 3606 1600 3680 σημεῖα
1647 3596 1708 3660 δ”
1759 3595 1897 3660 οὔτε
1943 3596 2141 3678 θηρὸς
2184 3593 2331 3661 οὔτέ
2366 3622 2474 3661 του
2523 3605 2719 3660 κυνῶν

1379 3681 1688 3759 ἐλθόντος,
1734 3680 1807 3745 οὖ
1852 3685 2202 3758 σπάσαντος
2242 3685 2585 3766 ἐξεφαίνετο

886 3857 979 3922 sic
1037 3856 1383 3940 explicavit
1439 3856 1816 3922 scholiasta:
1875 3853 2196 3930 πολλάκις
2252 3853 2374 3936 γὰρ
2431 3854 2539 3918 καὶ
2591 3853 2772 3931 κύνες
2815 3856 2920 3918 καὶ
2969 3854 3210 3929 λέοντες

886 3961 992 4022 καὶ
1043 3954 1270 4038 ἄρκτοι
1315 3955 1768 4040 σπαράξαντές
1811 3980 1876 4021 τι
1923 3955 2086 4034 ζῶον
2129 3958 2235 4021 καὶ
2281 3955 2813 4038 καταβρώξαντες
2845 3950 3003 4021 ὅσον
3034 3953 3210 4039 ἐβου-

888 4061 1083 4124 λοντο
1128 4059 1205 4124 τὸ
1248 4058 1487 4124 λοιπὸν
1530 4063 1902 4139 κατέχωσαν
1934 4056 2026 4135 εἰς
2056 4058 2360 4139 δευτέραν
2396 4056 2726 4139 τράπεζαν
2770 4051 3011 4140 οιῦτοῒςχ
3039 4081 3210 4142 γενη-

888 4161 1185 4244 σόμενον.
1258 4164 1358 4228 De
1386 4162 1509 4227 hac
1537 4180 1608 4227 re
1636 4180 1719 4227 ne
1748 4160 2053 4244 cogitavit
2082 4161 2339 4244 quidem
2369 4161 2752 4245 Sophocles3
2797 4159 2915 4226 sed
2955 4159 3211 4225 nuncius

885 4265 1049 4331 illud
1120 4265 1291 4349 quod
1360 4271 1553 4330 antea
1627 4262 1879 4328 dixerat
1935 4262 2058 4327 sibi
2113 4263 2320 4328 visum
2376 4263 2574 4328 fuisse
2630 4264 2864 4341 θαῦμα
2922 4260 3209 4344 δυσχερές

889 4369 953 4449 (i.
988 4388 1042 4435 e.
1072 4365 1528 4452 inexplicabile
1556 4364 1955 4439 miraculum)
1986 4364 2108 4429 hac
2151 4366 2515 4431 narratione
2558 4362 2931 4430 confirmare
2965 4363 3207 4445 studuit,
