3499 5219
1662 366 2225 431 ——228—

770 533 1067 601 videatur
1106 532 1176 598 id
1216 533 1358 617 ipse
1401 533 1635 599 oblitus
1676 552 1818 599 esse
1848 532 2306 616 Neoptolemus
2349 529 2520 614 quod
2562 530 2716 595 olim
2756 532 3096 598 monuisset
3177 549 3185 554 ·

774 635 999 703 Vlixes
1042 656 1103 700 v.
1151 638 1262 701 68:
1331 634 1389 699 εἰ
1431 631 1552 719 γὰρ
1596 633 1678 699 τὰ
1721 634 1915 701 τοῦδε
1958 632 2117 711 τόξα
2160 632 2247 717 μὴ
2295 628 2744 716 ληφθήσεται,
2803 624 3093 697 οὐκ“ἕστι

772 734 1021 819 πέρσαι
1076 758 1186 801 σοι
1240 733 1318 799 τὸ
1362 735 1711 818 Δαρδάνου
1770 734 1993 802 πέδον.
2083 735 2319 801 Verum
2375 735 2430 801 si
2485 753 2628 799 eum
2672 733 3092 800 Laurentiano

771 840 993 906 codice
1034 838 1336 922 primario
1386 839 1694 904 scribatur
1749 834 1901 920 ἐμοί
1908 887 1927 917 ,
1987 844 2056 903 ιιι
2108 838 2349 922 primus
2401 835 2552 902 fecit
2594 835 2672 900 Gr.
2716 834 3091 919 Dindorfius,

771 948 943 1009 recte
984 939 1283 1007 videntur
1323 940 1560 1008 habere
1604 940 1835 1005 omnia.
1921 939 2098 1006 Haec
2149 938 2321 1004 enim
2371 944 2469 1004 est
2512 938 2921 1021 Neoptolemi
2962 958 3095 1005 sen-

771 1044 1003 1108 tentia:
1057 1043 1253 1125 iqitm·
1291 1044 1351 1105 si
1387 1042 1795 1105 mentiendum
1836 1051 2003 1113 erat,
2060 1041 2231 1127 quod
2279 1039 2647 1110 nesciebam,
2708 1040 3019 1123 eliycndus
3060 1064 3095 1103 a

771 1143 942 1206 vob-is
997 1153 1141 1206 erat
1191 1144 1349 1206 alius
1403 1144 1515 1229 qui
1559 1163 1683 1228 pro
1726 1163 1824 1205 me
1865 1144 2262 1214 mentiretur,
2320 1162 2443 1204 non
2499 1162 2644 1224 ερας
2708 1160 2794 1206 sc.
2851 1148 2920 1206 ut
2959 1142 3098 1207 Phi·

768 1245 1043 1310 loctetae
1084 1264 1270 1340 arma„
1304 1245 1516 1329 capiat
1555 1245 1898 1310 mentiatur
1938 1245 2134 1326 alius,
2192 1263 2310 1327 ego
2368 1262 2519 1309 vero
2569 1244 2710 1308 sine
2750 1243 3097 1311 mendaciis

763 1348 1029 1436 >Troiam
1073 1347 1341 1430 capiam,
1387 1353 1457 1411 ut
1483 1354 1662 1413 vates
1697 1346 2026 1430 dixerunt;
2069 1344 2333 1411 tandem
2360 1364 2551 1428 quum
2581 1345 2804 1410 Vlixes
2835 1345 3098 1412 dixisset

772 1442 916 1511 οὔτ’
979 1440 1057 1512 ἂν
1117 1444 1193 1512 σὺ
1250 1444 1477 1512 κείνωὺ
1529 1444 1731 1529 χωρὶς
1788 1440 1934 1511 οὔτ’
2013 1445 2226 1512 ἐκεῖνα
2283 1447 2436 1522 σοῦ,
2504 1466 2580 1512 eo
2636 1444 2907 1512 fiduciae
2962 1469 3098 1531 pro-

767 1570 1025 1634 gressus
1080 1556 1178 1616 est
1233 1549 1691 1633 Neoptolemus
1745 1556 1816 1615 ut
1867 1546 2130 1614 tandem
2185 1546 2477 1614 dubitare
2531 1548 2802 1614 desinat.
2901 1549 3098 1632 Igitur

768 1651 908 1718 sine
950 1643 1224 1735 γίγνοιτ’
1275 1646 1373 1728 ἄν,
1433 1647 1603 1733 quod
1656 1669 1866 1732 neque
1921 1650 2290 1715 conveniret
2343 1651 2582 1733 egregii
2623 1650 2875 1715 iuvenis
2917 1653 3096 1716 mori-

766 1753 885 1818 bus
900 1801 917 1834 ,
976 1772 1096 1818 nec
1136 1751 1453 1817 adiectivo
1495 1741 1743 1817 vei‘bali
1786 1752 1856 1817 in
1898 1755 2045 1815 τέον
2089 1751 2440 1834 desinenti,
2500 1752 2603 1816 hic
2661 1750 2759 1816 bis
2810 1773 2960 1817 usus
3003 1761 3096 1819 est

768 1858 1065 1937 θηρατέα
1121 1853 1467 1934 vocabulo,
1533 1858 1603 1917 ut
1656 1853 2165 1936 promptissimus
2221 1872 2365 1918 esse
2417 1852 2712 1918 videatur
2764 1853 3096 1921 faciendae

764 1956 890 2037 rei,
949 1976 1063 2039 per
1117 1975 1188 2021 se
1244 1954 1432 2038 turpi.
1526 1954 1851 2020 Librarius
1909 1954 2018 2036 qui
2073 1952 2335 2020 verbale
2393 1958 2689 2037 θηρατέα
2741 1974 2859 2038 per
2903 1955 3096 2023 disso-

763 2056 1100 2140 graphiam
1156 2055 1493 2138 repetitum
1553 2075 1696 2122 esse
1753 2057 2034 2141 putavit,
2105 2056 2416 2139 expunxit
2470 2056 2741 2121 alterum
2796 2063 3093 2142 tanquam

765 2159 1054 2241 ineptum
1098 2156 1708 2241 languidissimeque
1761 2150 2040 2241 γίγνοιτ’
2102 2153 2181 2221 ἄν
2236 2157 2559 2223 substituit
2616 2164 2920 2241 tanquam
2975 2161 3094 2226 ele-

761 2261 1041 2343 gantius.
1128 2258 1259 2325 Sed
1302 2259 1495 2324 etiam
1536 2259 1731 2340 alias,
1781 2265 1974 2343 atque
2016 2260 2086 2324 in
2128 2256 2356 2325 eodem
2396 2257 2754 2324 Philocteta
2797 2264 2882 2338 (v,
2931 2265 3092 2344 759),

767 2360 998 2428 eadem
1042 2360 1420 2444 epanalepsi
1461 2381 1612 2426 usus
1656 2366 1772 2443 est,
1816 2361 1874 2427 si
1902 2379 2045 2426 cum
2073 2359 2366 2443 emphasi
2393 2358 2671 2443 quadam
2699 2361 3096 2444 proferuntur

768 2461 848 2527 ἰώ
909 2460 987 2526 ἷὼ
1049 2459 1321 2545 δύστηνε
1380 2459 1491 2544 σύ,
1553 2459 1825 2546 δύστηνε
1879 2462 2043 2546 δῆτα
2100 2460 2213 2526 διὰ
2267 2459 2493 2526 πόνων
2550 2458 2818 2527 πάντων
2871 2466 3096 2548 φανεὶς

762 2571 959 2647 atque
1011 2562 1302 2648 inprimis
1355 2563 1518 2630 haec
1570 2563 1842 2647 repetita
1897 2564 2214 2630 vocabula
2268 2562 2441 2648 apud
2484 2563 2876 2650 Aeschylum
2926 2586 3098 2651 repe-

763 2667 1010 2731 riuntur
1050 2666 1119 2730 in
1164 2664 1465 2731 Choricis.
1554 2666 1896 2749 Egregium
1950 2672 2047 2732 est
2101 2665 2295 2731 etiam
2341 2664 2595 2742 occidit,
2662 2668 2890 2730 occidit
2939 2668 3099 2734 illud

763 2767 1149 2833 Hannibalis
1191 2767 1368 2851 apud
1408 2768 1741 2833 Horatium
1787 2765 2018 2847 (Carm.
2059 2767 2169 2851 IV,
2216 2772 2276 2850 4,
2324 2770 2449 2844 70).
2533 2769 2703 2833 Raro
2746 2774 2963 2835 tamen
3005 2776 3098 2836 ter

765 2869 1103 2953 repetitum
1159 2889 1302 2961 esse
1355 2868 1617 2953 aliquod
1668 2869 2051 2935 vocabulum
2090 2875 2355 2936 monent
2392 2869 2826 2960 grammatici,
2887 2892 3098 2954 quam-

764 2991 955 3053 quam
1007 2971 1077 3036 in
1132 2971 1398 3037 ehorieis
1453 2972 1576 3038 hoc
1630 2970 1756 3036 sibi
1811 2969 2005 3037 licere
2058 2970 2386 3055 putavisse
2440 2969 2691 3037 videtur
2743 2971 3099 3058 Aeschylus

764 3073 938 3139 Pers.
981 3093 1044 3138 v.
1095 3077 1274 3138 1010.
1329 3077 1505 3140 1018.
1594 3071 1726 3138 Sed
1784 3071 1975 3137 etiam
2031 3072 2100 3138 in
2157 3071 2427 3138 senariis
2484 3071 2607 3139 sibi
2646 3071 2716 3137 id
2757 3073 3099 3141 indulsisse

766 3181 989 3258 poetas
1047 3172 1209 3240 dixit
1266 3175 1566 3257 Apollon.
1618 3173 1802 3258 Synt.
1860 3193 1925 3257 p.
1971 3179 2030 3256 4,
2083 3179 2178 3242 18.
2236 3172 2459 3256 Βαρὺς
2514 3172 2719 3257 βαρὺς
2778 3172 3094 3253 σύνοικος,

762 3275 1174 3358 „exemplum
1227 3275 1451 3340 comici
1505 3282 1736 3359 poetae
1792 3295 1934 3342 esse
1988 3276 2269 3360 videtur,
2340 3277 2410 3341 in
2466 3296 2592 3360 qua
2614 3315 2621 3319 -
2646 3277 2950 3360 opinione
2997 3297 3099 3345 me

653 3395 660 3401 ·
760 3377 1159 3443 confirmavit
1203 3376 1489 3443 eiusdem
1528 3374 1819 3462 χρήσεως
1860 3378 2171 3461 scriptura
2208 3398 2398 3461 quam
2428 3378 2564 3443 Ioh.
2595 3377 2899 3445 Siceliota
2924 3380 3096 3464 apud

764 3480 1080 3545 Walzium
1123 3477 1267 3543 Vol.
1306 3478 1414 3542 VI.
1460 3499 1523 3561 p.
1570 3482 1713 3547 338.
1760 3480 2041 3545 servavit
2083 3476 2689 3556 ἑπαναδιπλώσεως
2733 3483 3095 3565 exemplum

760 3580 1038 3645 afferens
1080 3580 1234 3645 hoe:
1287 3576 1521 3663 βαρύς,
1582 3578 1787 3664 βαρὺς
1831 3576 2161 3657 σύνοικος,
2208 3568 2260 3644 ὦ
2306 3581 2526 3665 φίλοι,
2583 3577 2854 3662 βαρύς.“
2936 3585 3096 3648 Mm-

763 3698 1013 3747 Nmuvs
1058 3679 1231 3746 Com.
1289 3681 1389 3746 ed.
1444 3683 1596 3746 min.
1653 3702 1716 3766 p.
1763 3681 2016 3748 XXIII.
2060 3702 2122 3748 v.
2167 3683 2497 3749 Nauckius
2540 3683 2796 3766 Tragic.
2839 3684 2949 3750 Gr.
2993 3686 3093 3765 Fr,

763 3804 828 3866 p.
873 3785 1017 3849 656.
1118 3781 1479 3849 Meinekius
1534 3783 1725 3866 igitur
1782 3789 2041 3868 propter
2095 3782 2441 3866 τριαγμόν,
2514 3790 2584 3850 ιιι
2650 3784 2775 3850 hoc
2845 3794 3094 3852 utamur

761 3881 1107 3964 vocabulo,
1182 3884 1489 3948 comicum
1554 3883 1977 3968 fragmentum
2041 3904 2184 3951 esse
2244 3886 2519 3970 putavit,
2592 3884 2860 3952 fortasse
2926 3887 3095 3971 quod

762 3984 1160 4052 Comicorum
1217 3986 1514 4070 princeps
1572 3991 1723 4066 (von
1780 3986 1956 4052 allen
2013 3985 2308 4054 Geistern
2325 4035 2343 4070 ,
2420 3987 2525 4054 die
2578 3988 2929 4055 verneinen
2941 4038 2958 4071 ‚
3014 3990 3096 4054 ist

763 4087 885 4152 mir
914 4086 1030 4154 der
1056 4084 1301 4153 Schalk
1328 4107 1433 4153 am
1461 4089 1818 4171 wenigsten
1845 4086 2159 4164 verhasst)
2199 4089 2295 4174 τῷ·
2337 4085 2798 4173 τραγικωτάτῳ
2836 4091 3093 4156 Faustio

765 4195 981 4255 nostro
1042 4187 1318 4255 dixerat:
1378 4189 1460 4252 du
1516 4198 1712 4251 musa-t
1758 4212 1824 4252 es
1866 4190 2132 4253 ἀνι-ὑπαί
2168 4211 2375 4274 saqen.
2462 4190 2592 4257 Sed
2634 4189 2809 4274 apud
2851 4192 3097 4258 Shake-

762 4292 1087 4374 spearium
1157 4289 1227 4356 in
1281 4290 1578 4356 Hamleto
1631 4292 1931 4373 legimus:
2011 4289 2063 4354 0
2117 4291 2573 4365 schaudervoll,
2648 4292 3093 4366 sehaudervoll,

3426 4796 3427 4811 l

370 4822 3432 5212 w-ffldpq
