3499 5219
1666 399 1969 461 -66
2059 434 2190 440 -.-

764 572 852 636 At
893 590 1076 651 vem,
1139 567 1429 650 quamvis
1472 567 1554 633 sit
1595 566 1975 633 brevissima
2018 566 2152 629 vita
2207 566 2519 648 humana,
2579 587 2812 650 magno
2872 569 3102 634 solatio

767 673 1059 738 omnibus
1117 678 1212 735 est
1264 671 1333 734 id
1389 670 1559 753 quod
1612 668 2038 751 Hippocrates
2096 667 2287 732 dixit:
2364 676 2565 733 artem
2623 689 2764 735 esse
2818 672 3097 753 longam.

766 775 944 840 Haec
986 792 1138 838 vero
1182 792 1286 836 ars
1328 772 1534 836 maius
1578 769 1885 852 quiddam
1930 774 2026 833 est
2070 788 2259 849 quam
2309 771 2683 853 plerumque
2739 772 3099 855 opinantur,

765 883 966 941 artem
1011 874 1180 940 enim
1227 873 1495 937 dicimus
1539 870 1839 954 quicquid
1882 870 1964 933 ab
2009 869 2371 935 hominibus
2415 871 2647 954 doctis,
2694 893 2808 938 suo
2854 893 3104 956 quoque

764 978 904 1042 loco
950 983 1014 1042 et
1054 982 1375 1059 tempore,
1432 973 1519 1037 ad
1560 972 1927 1037 universam
1970 972 2233 1035 humani
2274 975 2527 1054 generis
2570 975 2897 1039 scientiam
2959 995 3105 1040 con-

764 1079 1066 1144 tributum
1111 1083 1241 1158 est3
1284 1077 1353 1140 in
1395 1075 1517 1139 hoc
1561 1081 1624 1139 et
1664 1080 1891 1157 postea
1932 1073 2153 1137 vivent
2195 1074 2447 1156 singuli,
2494 1077 2601 1157 qui
2643 1076 2869 1141 litteris
2903 1077 3104 1143 vitam

764 1180 1180 1260 addixerunt,
1229 1184 1291 1243 et
1333 1184 1478 1260 post
1518 1176 1652 1239 fata
1696 1175 2067 1258 superstites
2112 1182 2323 1256 erunt,
2371 1179 2994 1260 quantulumcunque
3035 1178 3107 1243 id

764 1283 952 1348 fuerit
994 1280 1165 1363 quod
1207 1278 1472 1361 quisque
1500 1275 1775 1342 fideliter
1802 1296 1917 1358 pro
1948 1276 2188 1341 viribus
2217 1278 2667 1360 praestiterint.
2725 1279 2862 1344 Hoc
2891 1287 3105 1346 autem

765 1384 1062 1450 solatium
1111 1379 1401 1464 inprimis
1454 1379 1541 1443 ad
1599 1398 1707 1444 eos
1765 1377 2018 1442 videtur
2072 1379 2420 1462 pertinere,
2496 1380 2602 1487 qui
2658 1389 3107 1465 praeceptores

766 1491 913 1551 sunt
953 1486 1023 1548 in
1065 1482 1584 1548 universitatibus
1627 1477 2008 1562 germanicis
2023 1528 2039 1561 ,
2099 1500 2362 1562 quarum
2404 1482 2496 1545 ita
2538 1483 2886 1564 antiquitus
2927 1484 3106 1548 insti-

766 1594 904 1652 tuta
946 1585 1108 1650 ratio
1155 1592 1252 1649 est
1293 1590 1364 1647 ut
1406 1583 1685 1646 omnium
1723 1581 2207 1663 disciplinarum
2238 1583 2562 1664 quandam
2593 1585 2776 1666 quasi
2805 1605 3103 1649 coronam

756 1688 1076 1769 efficiant,
1152 1705 1315 1768 quae
1371 1684 1603 1748 mutuis
1647 1682 1918 1747 nexibus
1964 1702 2044 1747 ex
2088 1685 2349 1749 ramulis
2392 1683 2651 1750 floribus
2696 1692 2761 1751 et
2800 1686 3104 1752 fructibus

765 1789 1135 1872 composita,
1181 1807 1362 1852 suam
1406 1786 1633 1866 cuique
1676 1784 1896 1849 sedem
1926 1785 2502 1850 commodissimam
2532 1788 2815 1870 praebet,
2861 1788 2926 1854 in
2959 1810 3102 1872 qua,

764 1899 836 1956 ut
877 1890 1117 1957 Statius
1161 1889 1448 1953 dicebat:
1521 1906 1777 1969 „serere
1819 1886 2078 1952 arbores
2134 1887 2313 1967 licet,
2389 1907 2554 1969 quae
2607 1890 2794 1954 alteri
2849 1892 3106 1956 saeculo

765 1992 1114 2077 prosient.“

936 2094 1109 2173 Quos
1151 2100 1367 2156 tamen
1408 2110 1619 2154 ramos
1660 2088 1848 2154 flores
1890 2109 1968 2153 ac
2008 2088 2246 2153 fructus
2290 2109 2594 2171 coronae,
2654 2112 2767 2156 suo
2824 2114 3106 2176 quosque

767 2199 978 2262 colore
1029 2196 1316 2277 insignes
1371 2211 1448 2256 ac
1503 2198 1721 2273 gustu,
1797 2210 2005 2283 neque
2047 2191 2370 2256 luculente
2413 2193 2706 2274 progigni
2748 2216 2937 2278 posse
2981 2199 3106 2262 sin-

766 2300 969 2382 gulos,
1015 2297 1141 2362 nisi
1184 2294 1463 2360 radicem
1498 2293 1802 2375 habeant,
1847 2300 1916 2356 ut
1943 2294 2034 2357 ita
2064 2293 2292 2374 dicam,
2337 2292 2633 2375 idealem‚
2679 2312 2886 2377 neque
2916 2315 3106 2377 posse

764 2403 931 2466 inter
974 2419 1045 2465 se
1088 2396 1427 2476 contineri,
1501 2395 1626 2459 nisi
1670 2395 1986 2459 communi
2042 2394 2319 2476 quodam
2377 2395 2665 2477 vincu10,
2740 2417 3103 2479 quanquam

763 2502 1147 2586 gracilento‚
1222 2506 1437 2563 tamen
1479 2495 1873 2577 firmissimo,
1952 2496 2332 2578 colligentur
2384 2503 2576 2578 atque
2630 2505 3102 2581 connectantur,

768 2605 908 2689 quis
952 2609 1067 2685 est,
1115 2600 1222 2683 qui
1263 2598 1562 2683 ignoret?
1633 2599 1819 2664 Hanc
1861 2599 2203 2680 matricem,
2250 2598 2371 2663 hoc
2414 2619 2676 2665 aureum
2720 2598 2894 2665 filum
2935 2608 3106 2668 recte

768 2706 1034 2770 dicimus
1079 2723 1220 2768 esse
1262 2701 1735 2786 philosophiam
1753 2750 1768 2781 ,
1822 2707 2225 2765 aeternarum
2267 2700 2556 2765 idearum
2599 2704 3104 2785 procreatricem.

768 2808 994 2889 Neque
1038 2807 1177 2870 sola
1220 2804 1631 2888 philosophia
1673 2802 1940 2868 efficitur
1979 2802 2048 2866 id
2093 2801 2261 2885 quod
2305 2803 2627 2884 volumus,
2692 2806 2958 2870 accedat
2998 2825 3107 2871 ne-

768 2928 948 2974 cesse
994 2915 1090 2972 est
1133 2928 1290 2972 aura
1332 2905 1647 2988 quaedam
1694 2905 1909 2969 vitalis
1952 2924 2028 2968 ac
2069 2904 2292 2986 libera,
2339 2904 2477 2970 sine
2521 2925 2646 2986 qua
2685 2927 2893 2988 neque
2921 2907 3108 2973 flores

769 3010 1195 3090 enutriuntur,
1269 3027 1477 3088 neque
1517 3007 1757 3071 fructus
1799 3013 2258 3089 maturescunt3
2332 3026 2523 3087 quam
2567 3027 2786 3072 auram
2844 3009 3105 3075 vitalem

771 3112 1037 3176 dicimus
1078 3111 1438 3175 libertatem
1485 3108 1776 3173 docendi.

938 3212 1286 3277 Videamus
1329 3212 1520 3294 igitur
1563 3232 1647 3274 an
1691 3210 1816 3274 tria
1856 3210 1988 3289 illa,
2037 3229 2199 3290 quae
2244 3208 2378 3273 dixi
2421 3209 2927 3274 universitatium
2970 3230 3106 3293 ger-

769 3315 1162 3379 manicarum
1218 3313 1476 3396 propria
1532 3331 1703 3393 esse,
1780 3312 2060 3375 omnium
2102 3312 2455 3375 litterarum
2498 3312 2919 3376 humanarum
2963 3333 3108 3378 con-

769 3415 1062 3497 sociatio,
1137 3415 1531 3497 singularum
1589 3413 1996 3480 scientiarum
2051 3432 2167 3495 per
2209 3412 2681 3495 philosophiam
2726 3415 3103 3496 coniunctiO,

772 3516 1201 3583 docendarum
1272 3516 1627 3579 litterarum
1698 3514 1993 3596 libertas,
2067 3514 2400 3579 videamus
2470 3513 2731 3595 inquam
2795 3536 2881 3580 an
2945 3515 3106 3581 haec

770 3621 962 3687 etiam
1005 3618 1180 3700 apud
1220 3637 1338 3680 nos
1381 3615 1818 3698 inveniantur,
1892 3616 1946 3681 si
1988 3623 2172 3697 grata
2212 3623 2427 3681 mente
2471 3615 2630 3679 illud
2675 3616 2867 3681 hodie
2921 3618 3105 3682 nobis

769 3722 1050 3788 recolere
1105 3720 1285 3799 licet,
1362 3716 1530 3798 quod
1588 3737 1899 3781 annorum
1952 3723 2372 3783 trecentorum
2428 3724 2714 3800 tempore
2771 3718 2946 3801 apud
2988 3738 3104 3784 nos

764 3809 1019 3906 gestum
1064 3827 1178 3885 est.

938 3921 1258 4005 Ignoscite
1300 3939 1486 4001 ver0,
1562 3920 1883 3985 auditores
1929 3921 2035 4002 qui
2078 3940 2345 4005 peregre
2387 3920 2510 3985 huc
2560 3922 2974 4003 convenistis,
3051 3921 3103 3987 si

773 4024 1087 4110 quaedam
1158 4023 1419 4087 nomina
1489 4022 1855 4086 Ienensium
1929 4022 2252 4086 doctorum
2322 4022 2391 4085 in
2461 4024 2832 4087 memoriam
2905 4023 3104 4089 Vobis

766 4112 1185 4208 revocaver03
1247 4124 1315 4187 in
1369 4123 1470 4187 his
1516 4123 1685 4187 enim
1728 4124 2090 4189 nominibus
2131 4124 2337 4206 gloria
2376 4131 2633 4189 nostrae
2675 4125 3102 4190 universitatis

772 4228 1058 4295 consistit
1099 4233 1251 4307 tota,
1299 4224 1401 4290 his
1444 4225 1807 4289 nominibus
1850 4225 2232 4307 gaudemus,
2278 4225 2379 4290 his
2422 4227 2795 4308 gloriamur,
2845 4227 2945 4291 his
2989 4227 3103 4291 uti·

771 4352 912 4396 mur
953 4336 1258 4411 tanquam
1300 4327 1725 4391 incitamentis
1771 4332 1835 4391 et
1877 4327 2229 4393 calcaribus
2271 4328 2357 4392 ad
2399 4315 2661 4394 ulterius
2696 4328 3105 4410 progredien-
