3499 5219
1310 444 1442 451 —-
1532 413 1876 475 249——

425 584 523 643 77.
574 570 733 641 01'53'
787 572 887 655 οἷς
931 573 968 663 ἡ
1019 574 1179 665 ἄλλη
1220 575 1452 657 Ἑλλὰς
1497 581 1775 662 νομίζει,
1826 584 1909 665 ΙΙ,
1958 585 2057 647 38.
2107 574 2318 663 ἀγῶσι
2378 579 2495 661 μέν
2539 605 2610 663 γε
2654 580 2764 645 καὶ

422 685 699 756 θυσίαις
745 680 1101 767 διετησίοις
1146 682 1547 763 νομίζοντες.
1594 685 1884 768 inprimis
1928 690 2141 749 autem
2184 684 2253 747 in
2296 704 2366 749 re
2408 686 2764 750 nummaria

421 805 569 850 usos
615 805 757 850 esse
799 804 875 850 eo
918 786 1115 850 verbo
1159 784 1438 851 Graecos
1482 786 1713 851 Suidas
1759 786 1939 851 testis
1984 793 2108 851 est:
2169 785 2567 865 νομίζουσιν,
2616 780 2764 851 ἀντὶ

422 888 539 949 τοῦ
587 885 948 967 νομίσμασι
992 889 1293 969 χριῦνταιί
1343 888 1569 965 [Ρ1010]
1599 889 1795 971 Eryx.
1830 909 1891 971 p.
1926 892 2067 952 400.
2101 885 2168 951 ἐν
2201 886 2273 953 δὲ
2302 884 2764 968 Λακεδαίμονι

421 988 675 1075 σιδηρῷ
721 992 1003 1070 σταθμιῦ
1050 989 1407 1067 νομίζουσι.
1482 988 1977 1071 Aristophanem
2021 1009 2174 1054 vero
2217 991 2427 1073 ipsum
2472 992 2762 1057 hocloco

421 1092 511 1158 sic
557 1092 887 1175 scripsisse
933 1091 1170 1157 diserte
1211 1098 1524 1156 testantur
1575 1091 1844 1174 scriptor
1885 1091 2092 1156 libelli
2139 1090 2219 1158 de
2263 1101 2494 1158 constr.
2539 1095 2764 1159 verbo-

420 1216 558 1260 rum
604 1195 687 1259 ab
729 1195 1099 1259 Hermanno
1145 1193 1352 1258 editus
1398 1192 1505 1272 (de
1548 1191 1800 1258 emend.
1858 1200 1975 1257 rat.
2033 1212 2126 1274 gr.
2172 1198 2462 1276 gramm.)
2507 1216 2569 1278 p.
2619 1199 2760 1261 384.

422 1305 485 1363 et
531 1296 842 1379 Georgius
885 1296 1266 1378 Lecapenus
1307 1296 1375 1359 in
1418 1294 1726 1359 Matthaei
1769 1294 1969 1359 Lectt.
2016 1295 2217 1384 Mosq,
2267 1316 2329 1378 p.
2379 1302 2478 1361 7¹.
2525 1298 2630 1379 qui
2671 1298 2763 1363 ita

420 1400 691 1464 habent:
761 1397 1003 1477 νομίζω
1049 1395 1157 1461 καὶ
1201 1395 1277 1458 τὸ
1323 1401 1686 1475 νομίσμασι
1727 1398 2004 1476 χρῶμαι,
2055 1396 2276 1480 δοτικῇ
2325 1393 2416 1475 ὥς
2456 1397 2763 1483 'Aptero-

423 1496 653 1585 φάνης.
767 1496 1123 1577 Βυζάντιοι
1188 1496 1433 1582 σιδήρῳ
1503 1495 1896 1576 νομίζουσιν.
2041 1499 2187 1564 Scio
2261 1502 2518 1582 quidem
2594 1503 2764 1566 hunc

417 1603 973 1686 grammaticorum
1017 1602 1227 1666 locum
1272 1622 1313 1665 a
1357 1600 1425 1665 C.
1471 1601 1754 1682 Reisigio
1787 1599 1968 1665 Ocni.
2010 1622 2075 1684 p.
2122 1605 2266 1666 247.
2312 1603 2398 1667 ad
2428 1605 2760 1669 Platonem

421 1708 743 1773 Comicum
789 1706 1166 1769 translatum
1211 1723 1352 1769 esse
1395 1703 1463 1767 in
1506 1724 1632 1784 qua
1674 1723 1742 1768 re
1789 1710 1852 1768 et
1898 1704 1972 1769 G.
2005 1703 2356 1769 Hermanni
2401 1713 2464 1771 01
2506 1707 2581 1771 A.
2614 1707 2764 1771 Mei-

419 1810 601 1875 nekii
647 1806 1087 1872 assensionem
1131 1806 1385 1884 habuit,
1430 1804 1840 1871 verisimilius
1883 1826 1923 1870 a
1965 1806 2037 1869 L.
2083 1805 2414 1871 Dindorfio
2459 1815 2521 1873 et
2566 1828 2605 1871 a
2650 1807 2763 1872 Co·

418 1913 566 1976 beto
615 1908 996 1990 (Observatt.
1041 1908 1200 1972 critt.
1246 1908 1313 1971 in
1357 1907 1645 1972 Platonis
1704 1905 1879 1971 Com.
1924 1908 2102 1990 reliq.
2161 1929 2223 1991 p.
2288 1911 2451 1985 129.)
2497 1908 2583 1973 ad
2626 1908 2765 1973 Ari-

419 2013 652 2079 Stidem
710 2014 793 2077 II.
854 2032 917 2094 p.
986 2014 1124 2074 145.
1187 2001 1338 2072 οὖδὲ
1395 2006 1516 2091 γὰρ
1577 2006 1634 2073 εἷ
1690 2006 2045 2086 Βυζάντιοι
2091 2008 2340 2096 σιδήρῳ
2402 2006 2758 2091 νομίζουσι,

418 2109 656 2175 τούτου
700 2109 888 2193 χάριν
935 2108 1063 2176 εἶσὶ
1111 2111 1354 2175 δίκαιοι
1398 2112 1529 2174 τῶν
1570 2104 1890 2192 Ἑλλήνων
1937 2111 2312 2193 καταγελᾶν.
2388 2111 2624 2177 Verum
2668 2120 2765 2177 est

419 2214 591 2278 enim
634 2214 1115 2297 grammaticum
1157 2214 1349 2279 istum
1394 2213 1649 2295 saepius
1693 2214 2046 2279 advocasse
2087 2214 2386 2279 Aristidis
2430 2216 2763 2280 auctorita-

418 2324 568 2381 tem.
628 2316 758 2381 Sed
801 2316 870 2380 in
913 2316 1035 2381 1100
1078 2316 1219 2380 1000
1264 2337 1394 2380 11011
1438 2322 1590 2398 puto
1622 2334 1837 2381 erasse
1867 2316 2214 2399 librarium,
2262 2317 2369 2398 qui
2399 2316 2762 2399 quanquam

419 2438 612 2502 saepe
658 2439 806 2483 usus
852 2425 948 2483 est
989 2416 1288 2483 Aristidis
1332 2418 1693 2482 testimonio
1735 2418 1992 2501 saepius
2037 2426 2253 2482 tamen
2295 2418 2494 2501 ipsius
2524 2420 2763 2485 Aristo-

414 2520 669 2603 phanis,
716 2520 927 2603 potius
950 2519 1281 2601 scripsisse
1309 2520 1518 2602 ipsum
1550 2526 1871 2585 auctorem
1904 2519 2109 2585 libelli
2140 2526 2561 2599 (communem
2593 2522 2762 2586 enim

416 2622 658 2687 fontem
703 2641 845 2687 esse
890 2622 1212 2703 utriusque
1257 2621 1579 2705 scriptoris
1609 2626 1810 2705 patet)
1845 2616 2085 2700 νομίζω
2125 2621 2231 2683 καὶ
2278 2617 2354 2683 τὸ
2400 2631 2762 2705 νομίσμασι

412 2725 693 2808 χρῶμαι,
744 2723 966 2807 ὁοτικῆ
1015 2716 1103 2798 ὦς
1141 2715 1647 2807 Ἀριστοφὰνης.
1741 2723 1870 2786 Καὶ
1911 2715 2348 2805 Ἀριστείδης·
2414 2724 2763 2804 Βυζάντιοι

418 2823 665 2911 σιδήρῳ
714 2823 1109 2904 νομίζουσιν.
1175 2825 1323 2908 Ipse
1368 2826 1537 2890 enim
1567 2824 1884 2891 Aristides
1927 2844 2007 2889 ex
2035 2825 2466 2908 Aristophane
2510 2827 2764 2893 videtur

416 2929 739 3008 hausisse,
787 2926 956 3009 quod
998 2927 1148 2991 fecit
1190 2927 1383 2991 etiam
1427 2926 1661 2991 Pollux
1705 2924 1930 2991 Onom.
1988 2926 2118 3007 lx,
2187 2931 2284 2992 78.
2358 2927 2755 3016 Βυζαντίων,

418 3027 667 3113 σιδήρῳ
714 3026 1127 3110 νομιζόντων,
1176 3016 1252 3112 ἧν
1298 3023 1470 3091 οὕτω
1516 3024 1911 3109 καλούμενος
1970 3024 2307 3112 σιδάρεος,
2358 3027 2648 3111 νόμισμά
2693 3055 2760 3095 τι

414 3128 679 3196 λεπτόν.

585 3233 826 3312 Quodsi
880 3233 1075 3314 igitur
1134 3230 1425 3309 νομίζετε
1481 3233 1745 3298 verbum
1816 3232 1882 3297 in
1940 3233 2080 3297 loco
2137 3233 2584 3316 Aristophanis
2648 3234 2758 3297 ad-

413 3337 661 3402 miseris
707 3336 1033 3401 evanescit
1075 3335 1316 3416 subito,
1365 3333 1536 3417 quod
1580 3342 1677 3400 est
1719 3335 1787 3398 in
1831 3335 1953 3399 hoc
1995 3335 2135 3399 loco
2194 3335 2590 3417 primarium,
2663 3355 2758 3401 so-

415 3442 634 3506 loecus
677 3438 791 3502 ille
837 3436 1090 3502 dativus
1134 3438 1203 3502 in
1246 3437 1339 3520 τῷ
1383 3433 1505 3518 γὰρ
1552 3431 1827 3517 ὅμνυτε,·
1888 3445 1951 3502 01
2006 3437 2274 3502 habebis
2318 3457 2436 3519 pro
2483 3427 2758 3517 ὀμνύναι

411 3543 678 3608 verbum
751 3539 1005 3621 egregie
1076 3546 1296 3621 aptum
1367 3538 1453 3603 ad
1525 3536 1815 3619 νόμισμα
1887 3539 2080 3620 1111111,
2156 3559 2279 3621 quo
2350 3545 2544 3605 antea
2605 3559 2758 3605 usus

414 3650 553 3710 erat
608 3642 921 3707 Socrates.
1020 3642 1186 3706 Tota
1255 3649 1468 3706 autem
1540 3640 1858 3707 sententia
1928 3641 2020 3706 ita
2080 3641 2360 3707 habebit.
2463 3640 2756 3707 Socrates

414 3746 666 3810 dixerat
738 3743 888 3806 θεοὶ
963 3735 1118 3825 ἡμῖν
1193 3733 1464 3822 νόμισμ’
1544 3735 1658 3807 οὐκ
1733 3740 1903 3818 ἔστι,
1988 3743 2028 3808 1.
2103 3762 2158 3808 0.
2234 3742 2323 3807 dii
2393 3741 2567 3824 apud
2638 3764 2756 3809 nos

412 3852 560 3913 sunt
614 3843 855 3909 nummi
911 3842 1271 3909 adulterini.
1365 3841 1686 3925 Νόμισμα
1741 3845 1933 3927 igitur
1987 3845 2367 3910 vocabulum
2426 3865 2616 3925 quum
2675 3844 2755 3911 de

410 3947 581 4013 veris
637 3944 912 4010 nummis
970 3966 1167 4028 prave
1221 3946 1647 4012 intellexisset
1703 3946 2106 4030 Strepsiades
2180 3947 2366 4011 simul
2433 3947 2625 4011 etiam
2685 3947 2754 4010 in

410 4047 575 4115 illud
631 4051 817 4124 θεοί,
887 4067 1010 4130 quo
1066 4055 1258 4113 antea
1318 4048 1611 4114 Socrates
1667 4069 1819 4115 usus
1877 4056 2040 4131 erat,
2115 4068 2484 4132 perversam
2540 4048 2754 4112 intulit

411 4151 827 4230 sententiam,
851 4208 876 4257 ι
904 4150 1084 4230 quasi
1147 4149 1414 4216 dixisset
1472 4151 1796 4217 Socrates:
1869 4151 1938 4215 in
1991 4150 2265 4215 nummis
2321 4149 2552 4215 nostris
2622 4170 2753 4213 non

410 4260 559 4319 sunt
616 4251 878 4317 deorum
935 4244 1266 4333 imagines.
1369 4251 1580 4329 Quare
1635 4252 1816 4317 addit
1872 4260 2127 4336 postea,
2200 4253 2381 4315 Itane
2436 4271 2585 4313 vero
2644 4272 2752 4313 vos

389 4354 584 4439 sorte
644 4353 885 4415 utimini
916 4351 1171 4434 ferreis
1225 4356 1511 4425 nummiS,
1574 4356 1634 4416 in
1692 4354 1910 4438 quibus
1959 4353 2116 4417 nihil
2156 4356 2426 4416 incusum
2488 4362 2585 4414 est
2632 4354 2756 4414 nisi

2022 4662 2051 4693 Q
