3499 5219
1709 395 1839 400 ---
1929 358 2049 422 288
2137 391 2271 397 ——

814 530 896 597 de
939 532 1150 614 capite
1195 528 1369 612 qnod
1411 529 1618 593 usuris
1673 535 2187 613 pernumeratum
2234 535 2420 608 esset,
2465 528 2535 593 id
2584 528 2755 611 quod
2798 537 3158 614 superesset

813 634 1087 699 triennio
1132 632 1352 714 aequis
1381 631 1779 714 portionibus
1807 633 2293 714 persolveretur,
2339 631 2611 696 alteram
2644 632 2725 697 de
2754 633 2946 698 modo
2977 654 3155 716 agro-

813 757 971 816 rum,
1018 754 1101 800 ne
1146 734 1287 817 quis
1330 735 1476 816 plus
1520 733 1869 815 quingenta
1911 733 2131 815 iugera
2160 734 2299 815 agri
2329 732 2586 817 [publici
2623 736 2984 800 necessario
3014 755 3156 817 sup·

816 836 1125 920 plendum
1168 843 1266 902 est
1308 837 1375 900 in
1418 834 1588 900 Livii
1643 835 1856 900 verbis
1902 835 2010 916 VI,
2059 839 2194 917 35.3
2255 834 2331 899 cf.
2392 837 2466 898 T.
2514 835 2653 899 Liv,
2699 836 2809 918 IV,
2874 842 2973 900 51.
3033 841 3153 914 53.]

815 938 1199 1022 possideret:
1257 938 1529 1019 tertiam,
1575 956 1658 1002 ne
1701 936 2097 1001 tribunorum
2141 937 2410 1001 militum
2455 938 2713 1002 comitia
2756 936 2997 1018 fierent,
3043 939 3157 1003 sed

815 1043 1145 1107 consulum
1190 1040 1323 1118 [sed
1361 1039 1673 1101 consulum
1719 1037 2089 1103 addendum
2134 1045 2230 1105 est
2274 1039 2442 1103 Livii
2484 1040 2756 1121 verbis]‚
2803 1043 3155 1106 consulum-

817 1164 940 1227 que
983 1145 1199 1226 utique
1241 1143 1406 1208 alter
1447 1162 1529 1207 ex
1574 1141 1767 1225 plebe
1809 1139 2006 1205 fieret.
2080 1140 2196 1205 His
2258 1141 2694 1224 rogationibus
2737 1161 2971 1206 novem
3015 1151 3155 1225 post

814 1265 1021 1309 annos
1074 1244 1327 1309 adiecta
1381 1250 1606 1326 quarta
1662 1249 1760 1308 est
1800 1241 2027 1307 iisdem
2073 1242 2467 1307 auctoribus:
2535 1249 2604 1307 ut
2647 1262 2762 1326 pro
2809 1243 3155 1310 duumviris

814 1348 1012 1414 sacris
1067 1346 1384 1412 faciundis
1441 1336 1785 1409 decemviri
1844 1350 2240 1425 crearentur,
2301 1364 2564 1426 quorum
2621 1365 2771 1428 pars
2828 1366 2910 1410 ex
2968 1346 3155 1429 plebe

815 1466 965 1531 pars
1011 1466 1092 1512 ex
1135 1447 1423 1529 patribus
1466 1446 1663 1511 fieret.
1734 1445 1920 1511 Hanc
1960 1446 2248 1510 ultimam
2293 1447 2690 1528 rogationem
2734 1446 2962 1512 eodem
3005 1454 3155 1512 tem-

815 1569 969 1633 pore
1014 1548 1117 1627 (U.
1165 1548 1232 1613 G.
1280 1547 1781 1630 GOOLXXDQ,
1849 1567 1973 1630 quo
2029 1548 2303 1632 primum
2346 1555 2475 1613 tres
2519 1550 2674 1612 illae
2716 1551 3155 1631 promulgatae

815 1658 990 1731 sunt,
1052 1651 1369 1717 adiectam
1424 1651 1650 1716 ceteris
1708 1669 1850 1715 esse
1905 1651 2265 1715 coniecerat
2309 1650 2697 1715 Niebuhrius
2742 1651 2929 1729 (Hist.
2976 1653 3152 1714 Rom.

816 1755 890 1817 Τ.
936 1754 1022 1817 ΙΙ.
1069 1774 1130 1836 p.
1178 1756 1319 1817 348.
1367 1751 1466 1817 ed.
1513 1755 1665 1835 pr.);
1711 1751 1828 1816 sed
1871 1772 2012 1817 eam
2056 1753 2440 1817 sententiam
2471 1753 2676 1816 altera
2707 1752 2990 1817 editione
3020 1754 3155 1818 sine

815 1856 1011 1920 dubio
1057 1861 1506 1920 retractaturus
1550 1860 1687 1919 erat
1730 1853 1828 1917 vir
1871 1854 2194 1936 egregius,
2252 1853 2377 1918 nisi
2434 1873 2558 1934 quo
2615 1854 2825 1918 minus
2870 1855 3155 1918 ultimam

815 1978 1075 2022 manum
1119 1956 1457 2022 adhiberet
1498 1956 1661 2021 libro
1704 1976 1818 2021 suo
1861 1956 2200 2020 immatura
2226 1975 2396 2021 mors
2424 1956 2874 2039 prohibuisset.
2947 1957 3154 2020 Primo

816 2061 987 2125 enim
1029 2060 1210 2122 illam
1264 2058 1453 2122 modo
1513 2057 1593 2123 de
1651 2057 1983 2123 consulatu
2040 2057 2436 2139 rogationem
2493 2057 2843 2122 ferentibus
2887 2058 3154 2123 tribunis

816 2163 1283 2227 succlamarant
1338 2159 1619 2243 patricii,
1686 2180 1818 2223 non
1873 2160 2066 2225 licere
2123 2160 2378 2242 plebeio
2445 2160 2689 2224 1101111111
2752 2161 3149 2224 consulatum

816 2265 1131 2346 attingere
1174 2269 1434 2346 propter
1476 2261 1780 2344 auspicia,
1828 2281 1991 2343 quae
2034 2281 2233 2344 penes
2276 2269 2493 2346 patres
2549 2270 2764 2327 essent
2808 2282 2985 2329 more
3027 2284 3153 2328 ma-

813 2368 1037 2446 iorum,
1083 2364 1421 2429 interdicta
1462 2363 1656 2446 plebi.
1745 2363 1911 2439 Hinc
1965 2363 2221 2428 demum
2278 2365 2469 2429 enixe
2524 2385 2784 2447 operam
2845 2363 3155 2431 dederunt

815 2469 1071 2547 tribuni,
1116 2472 1185 2530 ut
1226 2465 1418 2530 etiam
1461 2465 1887 2548 auspiciorum
1930 2466 2206 2547 cognitio
2250 2466 2316 2530 in
2345 2467 2743 2549 plebeiorum
2773 2474 3151 2549 potestatem

813 2571 1082 2636 veniret.
1169 2569 1380 2650 Atque
1434 2566 1669 2632 factum
1724 2566 1848 2633 hoc
1903 2574 2000 2633 est
2056 2573 2282 2650 quarta
2336 2569 2697 2651 rogatione,
2745 2588 2872 2650 qua
2918 2572 3153 2655 optime

817 2673 1202 2756 patefactum
1245 2670 1406 2734 nihil
1452 2669 1707 2735 omnino
1752 2691 1793 2733 a
1838 2670 1939 2735 dis
1980 2670 2445 2736 immortalibus
2501 2671 2830 2754 portendi,
2891 2673 2945 2736 si
2998 2672 3154 2755 pulli

817 2797 946 2840 11011
989 2779 1420 2857 pascerentur,
1469 2772 1523 2837 si
1566 2792 1647 2836 ex
1691 2792 1891 2837 cavea
1935 2772 2302 2837 dubitarent
2344 2773 2539 2853 exire,
2585 2773 2641 2838 si
2685 2774 2823 2838 avis
2853 2775 3152 2840 occinuis-

817 2886 933 2943 set.
992 2876 1183 2942 Haud
1227 2875 1476 2957 vulgari
1518 2874 1707 2938 modo
1753 2874 2117 2956 rogationes
2161 2895 2382 2940 omnes
2426 2895 2467 2939 a
2510 2875 2701 2957 plebe
2744 2875 2959 2941 iussae
2989 2885 3148 2941 sunt.

816 2978 1096 3043 Primum
1140 2977 1311 3042 enim
1354 2997 1546 3058 quum
1588 2977 1812 3060 plebes
1858 2975 1939 3041 de
1980 2975 2241 3040 foenore
2296 2982 2360 3041 et
2414 2996 2568 3057 agro
2626 2977 2991 3058 rogationes
3033 2979 3152 3044 ius-

815 3101 997 3162 sura‚
1054 3080 1335 3161 reliquas
1388 3098 1541 3143 vero
1599 3079 2010 3161 antiquatura
2066 3097 2208 3143 esse
2263 3077 2615 3159 videretur,
2674 3078 2943 3162 tribuni,
3008 3079 3150 3144 dato

816 3182 1019 3264 primo
1059 3202 1178 3265 per
1218 3190 1490 3242 saturam
1533 3180 1741 3245 factae
1783 3181 2132 3262 rogationis
2163 3181 2478 3264 exempIO,
2525 3180 2689 3245 sein
2720 3180 2937 3245 omnia
2966 3181 3149 3246 simul

815 3284 1147 3348 consulere
1190 3282 1506 3363 dixerunt,
1552 3302 1634 3346 ne
1676 3281 1801 3364 ipsi
1844 3282 2083 3365 plebeii
2125 3282 2459 3358 commoda
2515 3289 2913 3347 morarentur
2955 3287 3145 3361 sua¹).

958 3557 986 3616 ‘)
1037 3553 1301 3603 Formulae
1341 3572 1435 3619 per
1478 3564 1696 3603 saturam
1760 3562 1810 3602 et
1868 3555 1918 3603 in
1963 3562 2178 3602 saturam
2226 3553 2613 3616 distinguendae
2661 3559 2804 3615 sunt3
2874 3555 2963 3607 illa
3022 3556 3151 3605 enim

818 3646 925 3689 tum
975 3644 1188 3688 utuntur
1233 3640 1287 3688 111
1335 3636 1692 3702 coniunctione
1739 3638 2000 3687 verborum
2056 3656 2149 3703 per
2195 3649 2411 3688 saturam
2464 3640 2650 3699 iubere,
2717 3642 2966 3705 imperium
3019 3642 3148 3701 dare,

820 3729 1062 3792 abroyare
1112 3736 1196 3775 aut
1241 3726 1503 3791 deroyare,
1553 3743 1645 3789 per
1692 3734 1910 3773 saturam
1959 3725 2211 3787 exquirere
2245 3726 2523 3784 sentencia-3,
2559 3740 2709 3787 quum
2749 3725 2951 3789 singula
2986 3728 3152 3790 capita

818 3811 1037 3860 discreta
1094 3825 1195 3858 non
1256 3816 1374 3858 sunt
1434 3808 1533 3870 ita,
1596 3813 1652 3857 ut
1711 3808 1929 3872 populus
1987 3806 2289 3871 singillatim
2351 3808 2411 3857 de
2471 3809 2689 3872 singulis
2747 3808 2920 3860 iubere
2978 3813 3150 3875 possit,

819 3895 907 3945 sed
952 3894 1157 3945 confuse
1208 3894 1377 3943 omnia
1423 3893 1477 3942 in
1524 3910 1681 3943 uuum
1727 3892 1942 3950 collata3
2006 3894 2146 3943 huius
2192 3908 2337 3956 vem,
2398 3910 2524 3957 quae
2573 3894 2723 3943 semel
2772 3894 2826 3944 in
2875 3894 3151 3959 fragmento

818 3980 947 4045 legis
1017 3979 1260 4028 Serviliae
1324 3979 1574 4044 reperitur
1640 3980 1706 4042 (p.
1756 3979 1821 4029 84
1898 3978 1975 4029 ed.
2028 3977 2278 4033 Klenziil:
2351 3978 2560 4041 QVOM]
2636 3978 2877 4028 TRIBVS
2949 3980 3150 4029 INTRO

818 4063 1266 4115 VOCABVNTVR
1308 4064 1537 4113 EXTRA
1584 4063 1774 4118 QVAM
1823 4063 1933 4111 SEI
1981 4062 2145 4117 QVID
2194 4061 2271 4114 IN
2307 4063 2622 4112 SATVRAM
2656 4064 2977 4114 FERETVR
3008 4065 3152 4128 longe

819 4150 919 4200 alia
954 4151 1085 4198 ratio
1122 4155 1222 4198 est:
1272 4151 1319 4204 si
1359 4150 1481 4214 quid
1525 4151 1574 4199 in
1616 4159 1832 4198 saturam
1868 4151 2062 4213 feretur
2096 4148 2227 4197 nihil
2263 4149 2550 4213 significare
2586 4148 2725 4197 aliud
2760 4155 2955 4213 potest,
3007 4166 3151 4213 quam

819 4237 863 4285 si
909 4236 1022 4300 quis
1070 4233 1264 4298 aliquid
1311 4233 1438 4282 ferat
1480 4234 1533 4281 in
1571 4234 1843 4293 concione,
1890 4248 2016 4296 quae
2051 4249 2211 4298 neque
2249 4233 2600 4284 trinundinum
2636 4233 3042 4310 promulgatione
3078 4236 3152 4284 111-

818 4322 956 4370 dicta
1001 4335 1162 4384 neque
1210 4319 1453 4368 centuriis
1502 4323 1591 4367 aut
1638 4317 1871 4367 tribubus
1919 4317 2152 4368 discretis
2189 4319 2452 4381 instituta,
2504 4320 2588 4369 sed
2635 4319 2841 4369 confuse
2883 4324 3153 4369 convocata
