3499 5219
1280 437 1845 498 ——141——-

390 631 669 694 quanam
713 610 1223 694 significatione?
1308 613 1478 677 Num
1538 632 1615 676 ea
1670 611 1940 678 fortasse
1994 632 2120 695 qua
2158 612 2494 696 legebatur
2535 615 2604 679 in
2643 616 2728 680 M.

390 712 591 778 Atteii
634 711 965 796 Capitonis
1008 714 1437 779 coniectaneis
1480 713 1652 796 apud
1684 713 1965 779 Gellium
1994 716 2074 780 N.
2106 717 2183 781 A.
2215 715 2325 797 IV,
2365 717 2510 781 13.‘?
2583 718 2731 783 Non

391 814 665 880 videtur.
763 815 940 881 Haec
999 816 1170 881 enim
1226 816 1540 900 Glycerae
1611 814 1809 881 aedes
1878 837 2010 881 non
2064 817 2181 881 fuit
2234 818 2301 882 in
2359 819 2516 884 urbe
2570 819 2731 903 ipsa.

394 915 563 996 Quid
600 918 772 982 enim
800 918 1139 1002 Nymphis,
1186 937 1352 1000 quae
1393 938 1584 983 versu
1625 924 1809 983 sexto
1852 926 2442 1002 commemorantur,
2489 920 2733 987 deabus

393 1019 730 1102 ruralibus,
777 1040 918 1085 cum
962 1019 1233 1085 aedibus
1276 1018 1586 1084 urbanis?
1662 1018 1901 1097 Quales
1944 1026 2093 1085 sunt
2133 1021 2298 1086 istae
2342 1023 2684 1105 Nymphae
2700 1022 2734 1087 ‘2

394 1122 644 1186 Tacent
695 1122 1094 1205 interpretes.
1192 1123 1394 1204 Igitur
1447 1120 1534 1186 ad
1590 1121 2024 1205 nymphaeum
2080 1123 2343 1205 aliquod
2400 1124 2569 1206 quod
2625 1131 2736 1189 aut

394 1224 524 1287 ruri
568 1229 706 1288 erat
745 1230 857 1288 aut
897 1224 1331 1289 suburbanum
1374 1223 1535 1288 haec
1577 1225 1930 1306 pertinent:
1975 1223 2097 1288 hoc
2140 1225 2311 1290 enim
2346 1226 2578 1292 rectius
2610 1226 2738 1290 dici

396 1326 602 1408 potuit
645 1326 844 1388 aedes.
935 1325 1096 1390 Puto
1150 1326 1342 1408 igitur
1397 1324 1467 1389 in
1527 1325 1894 1408 nymphaeo
1949 1325 2195 1408 aliquo,
2257 1334 2326 1391 ut
2381 1348 2521 1393 mos
2579 1334 2733 1409 erat,

394 1426 627 1492 festum
682 1428 1146 1493 celebraturam
1200 1426 1397 1493 fuisse
1453 1426 1815 1511 Glyceram.
1916 1426 2055 1493 Hoc
2110 1434 2179 1493 ut
2240 1427 2397 1494 felix
2459 1428 2736 1495 faustum

396 1530 803 1612 salutareque
846 1536 1015 1596 esset
1060 1529 1375 1613 Glycerae
1403 1529 1704 1594 Horatius
1748 1528 2028 1595 carmine
2072 1549 2185 1594 suo
2228 1532 2474 1613 precari
2515 1531 2735 1596 voluit.

705 2002 1331 2072 COMMENTATIO
1375 2005 1494 2069 DE
1538 2003 1900 2071 HORATII
1944 2001 2196 2070 ODAR.
2241 2006 2292 2087 I,
2341 2008 2439 2069 32.

569 2192 647 2256 In
676 2192 1063 2257 carminibus
1091 2191 1358 2273 Horatii,
1403 2190 1490 2255 ad
1534 2210 1697 2273 quae
1740 2197 1918 2256 tanto
1961 2191 2285 2257 lubentius
2328 2190 2538 2257 redire
2580 2192 2742 2258 sole-

399 2314 540 2359 mus
599 2293 815 2375 otiosi,
876 2299 1113 2375 quanto
1168 2298 1383 2358 aetate
1439 2313 1656 2358 sumus
1711 2293 2173 2376 provectiores,
2232 2293 2522 2376 inprimis
2579 2291 2742 2376 illud

401 2414 504 2460 me
563 2394 745 2477 quasi
802 2395 1063 2460 vexavit
1118 2415 1158 2459 a
1212 2395 1407 2478 longo
1462 2393 1616 2459 inde
1671 2401 1959 2478 tempore
2017 2394 2185 2476 quod
2241 2414 2411 2460 nunc
2467 2395 2536 2460 in
2576 2395 2741 2460 libro

401 2496 605 2579 primo
675 2497 912 2580 legitur
977 2495 1362 2561 tricesimum
1435 2495 1803 2562 secundum.
1904 2495 2259 2562 Videbatur
2322 2498 2491 2562 enim
2552 2503 2745 2585 poeta

399 2598 696 2681 egregius
767 2597 888 2663 hoc
961 2597 1241 2664 carmine
1313 2597 1559 2682 aliquid
1631 2620 1700 2664 se
1772 2597 2082 2664 facturum
2146 2600 2466 2683 recepisse
2525 2599 2747 2666 amicis

399 2700 812 2783 poscentibus
868 2698 1037 2782 quod
1095 2707 1321 2782 postea
1373 2721 1504 2766 non
1547 2700 1696 2765 fecit
1738 2701 1830 2766 ita
1872 2707 1941 2765 ut
1985 2701 2110 2766 oda
2151 2702 2322 2786 ipsa,
2382 2722 2745 2785 quanquam

401 2801 879 2885 elegantissime
934 2801 1318 2885 perscripta,
1393 2803 1460 2866 in
1519 2801 1644 2867 fine
1699 2803 1807 2867 vel
1859 2804 2085 2868 mutila
2141 2824 2285 2870 esse
2339 2805 2444 2869 vel
2511 2805 2746 2869 incom-

403 2904 595 2968 modo
640 2902 916 2986 quodam
960 2902 1139 2967 hiatu
1182 2903 1563 2986 cognitionis
1605 2904 1901 2970 laborare
1928 2905 2269 2972 videretur.
2333 2903 2502 2984 Quid
2530 2905 2746 2971 enim?

404 3007 642 3090 Lyram
697 3004 1042 3088 alloquitur
1083 3005 1382 3070 Horatius
1441 3005 1747 3088 dicitque,
1805 3007 1986 3089 posci
2041 3028 2082 3072 a
2135 3028 2234 3090 se,
2297 3014 2366 3071 ut
2408 3007 2577 3090 ipse,
2638 3010 2745 3089 qui

402 3129 638 3191 graeca
681 3107 833 3172 olim
877 3107 1299 3190 exemplaria,
1357 3106 1647 3190 inprimis
1691 3107 1944 3189 Alcaei,
2004 3108 2073 3172 in
2124 3108 2508 3175 carminibus
2550 3109 2747 3175 levio·

404 3211 580 3274 ribus
623 3209 801 3273 velut
839 3207 1072 3274 ludens
1117 3214 1368 3274 secutus
1412 3208 1521 3292 sit,
1580 3208 1842 3274 tandem
1898 3208 2243 3292 aliquando
2289 3230 2439 3277 vere
2489 3211 2745 3274 latinum

406 3311 599 3394 idque
672 3310 902 3376 serium
974 3316 1165 3392 atque
1236 3312 1304 3376 in
1376 3332 1581 3377 annos
1653 3310 2019 3376 duraturum
2076 3330 2331 3377 carmen
2386 3320 2743 3396 componat.

407 3412 593 3491 Quod
638 3412 743 3496 qui
787 3412 878 3478 sic
922 3411 1191 3477 orditur:

889 3550 1210 3609 Poscimur.
1300 3548 1361 3608 Si
1407 3549 1549 3626 quid
1592 3550 1764 3608 vacui
1807 3550 1915 3610 sub
1961 3550 2165 3610 umbra

885 3634 1157 3693 Lusimus
1199 3638 1411 3712 tecum,
1457 3635 1617 3711 quod
1663 3639 1720 3694 et
1764 3634 1920 3694 hunc
1962 3635 2021 3694 in
2066 3654 2281 3695 annum

888 3719 1066 3778 Vivat
1111 3721 1168 3777 et
1210 3720 1415 3795 plures
1459 3738 1570 3797 age
1614 3720 1708 3779 dic
1752 3719 2051 3793 Latinum,

1220 3804 1482 3883 Barbite,
1526 3824 1781 3883 carmen,

411 3958 625 4004 nonne
668 3936 989 4020 putandus
1033 3945 1131 4004 est
1171 3937 1382 4021 ipsum
1424 3938 1588 4002 illud
1631 3939 1886 4000 latinum
1932 3956 2219 4018 carmen,
2284 3937 2365 4003 de
2408 3958 2531 4021 quo
2578 3936 2748 4021 dicit,

408 4040 583 4105 illico
628 4040 909 4105 voluisse
958 4038 1284 4107 adiicere?
1370 4040 1456 4104 At
1511 4040 1673 4105 nihil
1726 4038 1906 4104 aliud
1962 4040 2245 4121 sequitur
2299 4046 2444 4122 post
2497 4040 2751 4123 grandi-

411 4161 636 4206 sonam
692 4141 859 4207 hanc
912 4142 1094 4227 lyrae
1148 4141 1598 4207 allocutionem
1666 4161 1856 4224 quam
1926 4142 2069 4206 laus
2123 4141 2346 4208 Alcaei
2420 4148 2483 4207 et
2550 4141 2751 4225 ipsius

412 4244 594 4328 lyrae
638 4244 1065 4326 praeconium.
1153 4244 1504 4310 Horatione
1547 4243 1669 4308 hoc
1714 4241 1975 4326 dignum
2023 4262 2163 4308 esse
2206 4242 2652 4308 censebimus?

767 4382 930 4452 Quid
971 4383 1219 4458 dignum
1263 4388 1426 4443 tanto
1468 4382 1631 4457 feret
1672 4381 1776 4442 hic
1808 4383 2149 4456 promissor
2194 4381 2408 4441 hiatu?
