3499 5219
1689 404 2251 469 —220--

803 591 959 655 erga
999 572 1259 637 fratrem
1301 574 1847 655 consanguineum
1860 622 1877 655 ,
1937 581 2275 659 postquam
2318 575 2574 640 Ismene
2614 594 2796 641 soror
2833 575 3134 641 auxilium
3222 599 3230 604 ·

800 684 1228 741 recusaverat.
1313 676 1493 743 Haec
1534 683 1633 743 est
1673 696 1871 743 causa
1911 696 2135 743 versus
2175 679 2301 743 905
2344 677 2630 743 Boeckh.
2715 676 2927 743 Sentit
2971 678 3133 744 enim

802 777 924 842 ita:
969 778 1263 859 „Mulieri
1305 797 1466 845 sane
1506 779 1640 845 tale
1681 779 1837 861 quid
1878 780 2140 845 omnino
2181 799 2315 845 non
2355 778 2724 845 audendum
2763 778 2885 845 fuit
2923 787 3135 845 contra

801 880 980 962 leges
1009 881 1293 952 civitatis,
1339 880 1467 948 nisi
1493 900 1702 947 mores
1728 882 2041 948 maiorum
2070 881 2396 966 (Buzygis)
2412 882 2457 957 ¹)
2481 882 2737 966 pietatis
2767 887 2834 947 et
2859 881 3136 949 familiae

800 980 871 1044 id
925 981 1291 1064 iussissent,
1363 1002 1527 1065 quae
1579 983 1876 1050 omnibus
1926 983 2074 1050 aliis
2123 984 2375 1067 legibus
2427 983 2924 1066 anteponendae
2975 991 3135 1051 sunt.

803 1080 923 1162 (Cf.
967 1102 1030 1149 v.
1085 1104 1136 1149 s.
1181 1087 1284 1151 48.
1343 1076 1480 1149 ἀλλ’
1541 1079 1732 1151 οὐδὲν
1789 1078 1966 1169 αὐτῷ
2022 1086 2182 1150 τῶν
2237 1083 2447 1167 ἐμῶν
2482 1077 2577 1165 μ’
2637 1085 2874 1168 εἵργειν
2929 1090 3137 1167 μέτα.)

802 1185 886 1250 Et
941 1191 1111 1251 certe
1164 1206 1296 1251 non
1349 1185 1541 1253 facile
1580 1208 1740 1254 ausa
1780 1187 2041 1253 fuissem
2056 1235 2073 1269 ,
2132 1186 2190 1253 si
2245 1193 2449 1253 mater
2503 1186 2765 1254 fuissem
2818 1187 3141 1271 filiumque

801 1286 1158 1352 amisissem
1202 1289 1512 1371 (poteram
1555 1289 1728 1357 enim
1764 1290 1887 1356 hoc
1916 1290 2177 1373 pietatis
2204 1288 2477 1355 officium
2504 1289 2734 1355 marito
2760 1290 3139 1374 relinquere,

800 1386 888 1454 ad
932 1407 1076 1454 eum
1119 1388 1310 1471 enim,
1356 1396 1426 1456 ut
1465 1392 1670 1457 virum
1714 1399 1781 1458 et
1821 1391 2097 1459 fortioris
2137 1412 2332 1459 sexus
2371 1392 2717 1475 hominem,
2759 1391 3020 1475 proprie
3061 1411 3140 1458 ex

798 1483 946 1573 lege
988 1484 1359 1572 ἀγχιστείας
1401 1491 1523 1557 hoc
1566 1492 1842 1559 officium
1884 1494 2209 1577 pertinuit)
2253 1513 2465 1577 neque
2505 1493 2693 1560 facile
2727 1494 2821 1559 ita
2849 1494 3139 1561 fecissem

798 1592 1027 1657 marito
1056 1592 1284 1658 orbata
1312 1598 1623 1678 (poteram
1652 1596 1825 1662 enim
1851 1596 1975 1662 hoc
2000 1596 2260 1680 pietatis
2299 1596 2574 1662 officium
2614 1596 2722 1663 vel
2765 1594 2915 1662 filiis
2955 1596 3141 1663 relin-

740 1706 757 1734 ‘
799 1713 993 1775 quere
1020 1695 1125 1760 vel
1156 1697 1530 1778 parentibus
1559 1698 1663 1780 vel
1707 1697 1972 1763 omnino
2011 1699 2266 1782 agnatis
2307 1698 2522 1764 mariti
2549 1698 2637 1763 ad
2665 1718 2826 1781 quos
2852 1699 3140 1782 proxime

794 1795 865 1860 id
908 1795 1182 1861 officium
1223 1799 1632 1880 pertinebat).
1718 1798 1905 1865 Nunc
1949 1806 2162 1866 autem
2205 1820 2417 1883 quum,
2460 1801 2726 1866 mortuis
2768 1800 3141 1884 parentibus

798 1897 907 1978 (ad
951 1918 1110 1981 quos
1151 1899 1273 1965 hoc
1313 1899 1575 1983 pietatis
1618 1901 1892 1967 officium
1935 1902 2190 1986 proprie
2232 1902 2689 1986 pertinuisset),
2737 1902 2880 1969 sola
2919 1902 3141 1968 relicta

794 2008 916 2074 sim
929 2051 946 2086 ,
997 2001 1156 2070 mihi
1198 2022 1566 2089 quanquam
1607 2004 1858 2069 mulieri
1900 2004 2275 2070 necessario*
2305 2005 2722 2087 sepeliendus
2763 2004 2882 2069 fuit
2923 2003 3134 2084 frater,

797 2108 969 2191 quod
1012 2116 1269 2189 praeter
1308 2127 1412 2174 me
1453 2125 1643 2172 nemo
1687 2113 1817 2189 est,
1864 2106 1972 2189 qui
2015 2126 2161 2171 eum
2204 2106 2535 2189 sepultura
2575 2105 2877 2171 condat.“
2960 2103 3139 2184 Quae

796 2231 914 2294 ego
957 2211 1027 2276 in
1069 2212 1193 2278 hac
1235 2210 1790 2295 argumentatione
1831 2208 2291 2293 parentheseos
2328 2208 2533 2292 signis
2558 2208 2794 2275 seclusi
2820 2228 2864 2273 a
2890 2208 3133 2288 ceteris,

791 2313 983 2380 facile
1026 2319 1093 2379 et
1132 2313 1318 2397 quasi
1357 2312 1722 2378 necessario
1765 2331 1809 2377 a
1849 2311 2036 2377 nobis
2078 2312 2458 2395 supplentur
2501 2330 2539 2376 e
2579 2330 2771 2377 versu
2799 2313 2924 2377 876
2967 2317 3139 2375 recte

792 2416 1027 2500 scripto
1041 2464 1059 2498 ,
1117 2416 1186 2481 in
1244 2435 1369 2497 quo
1423 2414 1615 2479 totius
1670 2413 2242 2496 argumentationis
2298 2413 2399 2479 vis
2439 2413 2828 2494 continetur,
2886 2411 3135 2478 facilius

793 2518 987 2585 etiam
1058 2518 1143 2583 ab
1210 2516 1369 2600 ipsis
1430 2515 1935 2582 Atheniensibus
2005 2521 2301 2599 poterant
2366 2514 2652 2598 suppleri
2725 2514 2854 2593 (vel
2924 2516 3135 2599 potius

791 2627 1021 2705 sponte
1074 2620 1158 2686 ab
1216 2620 1310 2687 eis
1363 2619 1943 2702 intelligebantur),
2016 2618 2192 2702 apud
2258 2638 2417 2702 quos
2487 2618 2996 2701 antiquissimum
3070 2623 3135 2684 et

793 2722 1263 2788 sanctissimum
1316 2720 1597 2787 offfcium
1650 2727 1932 2785 mortuos
1982 2720 2295 2785 'humandi
2348 2719 2436 2786 ad
2492 2721 2830 2804 praa-imos
2895 2740 3135 2804 genere

791 2824 1155 2909 pertinebat
1168 2825 1234 2901 ²).
1299 2825 1549 2889 Tamen
1588 2823 1658 2888 in
1701 2822 1803 2889 his
1844 2822 2004 2907 ipsis
2046 2822 2510 2906 supplementis
2551 2842 2812 2889 causam
2848 2822 3127 2904 invenio,

790 2946 902 2992 cur
954 2925 1266 2991 mutanda
1317 2925 1481 2992 haec
1534 2945 1677 2991 esse
1733 2925 2052 2991 censuerit
2100 2925 2316 2991 nescio
2361 2925 2534 3007 quis,
2592 2925 2701 3009 qui
2755 2933 3135 3008 argumenta

789 3029 933 3112 ipsa
973 3029 1057 3093 ab
1102 3028 1430 3110 Antigona
1472 3027 1849 3110 singillatim
1893 3026 2212 3111 prolatum
2259 3026 2339 3091 iri
2395 3032 2902 3110 exspectaverat.
2989 3027 3131 3106 Qua

786 3149 857 3196 re
899 3138 1250 3195 commotus
1294 3149 1375 3194 ex
1420 3128 1725 3195 Herodoti
1768 3129 2014 3210 verbis,
2060 3147 2228 3212 quae
2270 3128 2508 3194 similia
2549 3128 2949 3214 Sophocleae
2993 3149 3129 3195 ora·

786 3231 978 3297 tionis
1021 3250 1164 3298 esse
1205 3231 1348 3297 visa
1390 3237 1539 3296 sunt
1555 3279 1571 3312 ,
1630 3237 1830 3295 totum
1885 3230 2096 3296 locum
2152 3230 2259 3313 qui
2314 3230 2439 3295 sibi
2486 3229 2826 3297 videbatur
2865 3251 3127 3297 mancus

787 3352 957 3415 esse,
1031 3333 1357 3416 supplevit
1410 3333 1552 3415 ipse
1615 3339 1678 3398 et
1738 3332 2106 3397 emendavit
2161 3332 2403 3398 scilicet
2458 3333 2552 3399 ita
2605 3339 2676 3398 ut
2731 3333 3005 3417 legimus
3060 3334 3125 3399 iu

785 3434 987 3500 libris.
1076 3434 1292 3501 Verba
1336 3433 1506 3499 enim
1548 3433 1860 3499 Herodoti
1902 3434 1994 3500 sic
2035 3434 2308 3500 habent:
2367 3422 2420 3498 ὦ
2461 3433 2755 3517 βασιλεῦ,
2802 3428 2963 3519 ἀνὴρ
3006 3440 3122 3516 μέν

784 3559 903 3619 μοι
947 3529 1028 3601 ἂν
1072 3532 1271 3615 ἄλλος
1312 3540 1603 3621 γένοιτο,
1664 3534 1722 3601 εἰ
1780 3531 2034 3618 δαίμων
2091 3533 2351 3611 ἐθέλοι,
2407 3535 2519 3602 καὶ
2559 3541 2749 3602 τέκνα
2803 3534 3004 3615 ἄλλα,
3066 3538 3126 3602 εἰ

918 3775 955 3836 ¹)
991 3773 1067 3826 cf.
1102 3773 1281 3840 Lysias
1317 3774 1542 3840 epitaph.
1580 3789 1630 3838 p.
1659 3774 1752 3826 191
1792 3777 1845 3822 et
1880 3772 2127 3823 iudicium
2161 3779 2278 3840 post
2311 3789 2535 3839 pugnam
2556 3774 2797 3839 Argiuus.
2938 3774 2976 3840 ¹)
3013 3774 3119 3825 Cic.

781 3861 941 3926 Legg.
966 3861 1036 3921 11,
1072 3861 1153 3911 25.
1225 3860 1354 3909 Nam
1390 3864 1443 3909 et
1463 3857 1677 3909 Athenis
1712 3860 1814 3908 iam
1848 3857 1937 3908 ille
1970 3875 2093 3919 mos,
2129 3874 2160 3909 a
2194 3858 2415 3925 Cecrope
2451 3861 2613 3921 aiunt,
2648 3862 2943 3925 permansit,
2978 3861 3119 3911 ocius

781 3952 915 3997 terra
949 3945 1219 3996 humandi:
1256 3960 1405 4010 quam
1440 3959 1595 4009 quum
1622 3945 1840 4011 proximi
1871 3943 2143 3994 iniicerent
2175 3944 2260 3995 rel.
2330 3944 2406 3996 cf.
2441 3945 2661 3996 Klenze:
2707 3945 2821 3996 Das
2855 3944 3121 3997 Familien-

781 4033 914 4083 recht
948 4032 1119 4096 p.159
1144 4046 1219 4095 sq.
1276 4030 1389 4080 Hoc
1426 4030 1648 4080 officium
1686 4028 1890 4079 Solonis
1927 4027 2107 4078 deinde
2140 4027 2339 4093 legibus
2373 4029 2535 4094 magis
2571 4030 3009 4095 circumscriptum
3045 4035 3119 4081 est

778 4122 990 4184 propter
1033 4115 1285 4168 mulieres.
1365 4115 1424 4165 V.
1473 4115 1731 4166 Demosth.
1779 4129 1824 4165 c.
1892 4113 2103 4164 Macart.
2150 4129 2199 4179 p.
2245 4116 2420 4175 1071..
2474 4114 2699 4175 Becker,
2752 4114 3004 4168 Charicles
3048 4116 3119 4166 ΙΙ.

778 4217 829 4268 p.
862 4203 972 4255 181.
1031 4203 1202 4266 Ipsam
1236 4205 1404 4250 autem
1438 4199 1844 4264 antiquissimam
1879 4198 2264 4250 Atheniensium
2299 4200 2461 4266 legem
2498 4199 2594 4259 (vel
2630 4216 2816 4251 morem
2851 4201 3121 4266 maiorum)

778 4285 841 4337 de
874 4286 1145 4336 humandis
1182 4275 1399 4335 mortuis'
1428 4301 1459 4336 a
1491 4284 1737 4351 proximis
1773 4284 1827 4334 in
1865 4283 2034 4334 auimo
2070 4284 2222 4335 habet
2257 4286 2514 4352 Antigona
2548 4302 2702 4351 quum
2745 4285 2874 4336 dicit
2923 4282 3121 4350 ιοιῷδε

776 4370 968 4439 μέντοι
1004 4371 1061 4422 σ’
1097 4364 1529 4441 ἐκπροτιμήσασ’
1570 4365 1676 4435 ἐγὼ
1714 4369 1902 4437 νόμῳ
1939 4367 2174 4440 Κρέοντι
2206 4365 2364 4422 ταῦτ’
2404 4365 2550 4429 ἔδοξ’
2592 4367 2943 4439 ἁμαρτάνειν.
