3499 5219
1299 424 1823 487 -73—

383 586 769 654 familiarem
797 589 1168 673 Wolfgangi
1196 593 1490 675 Ratichii,
1529 593 1801 674 Holsati,
1848 592 1956 674 qui
1984 593 2225 675 primus
2252 595 2730 674 grammaticam

385 691 819 756 universalem
862 692 953 757 sic
993 692 1229 759 dictam
1258 696 1648 777 conscripsit,
1692 713 2053 776 novamque
2080 695 2468 778 methodum,
2516 697 2730 763 didac-

382 791 579 856 ticam
620 793 763 875 ipse
808 793 1087 877 dicebat,
1162 796 1696 862 addiscendamm
1741 796 2023 861 omnium
2066 798 2427 879 linguarum
2480 800 2730 883 excogi-

382 895 566 958 tavit.
654 894 866 973 Quare
920 903 1139 966 auctor
1193 899 1547 964 Arumaeus
1602 899 1720 964 fuit
1763 899 2127 964 Dorotheae
2169 900 2441 981 Mariae,
2517 902 2729 967 Vima-

380 997 581 1062 riensi
608 999 901 1081 principi,
937 1006 1007 1064 ut
1033 1001 1412 1082 Ratichium,
1442 1001 1715 1065 amicum
1744 1021 1947 1083 suum,
1979 1010 2329 1067 accerseret
2356 1003 2724 1085 Vimariam,

382 1098 497 1163 ubi
551 1100 696 1182 ipsa
748 1120 889 1165 cum
943 1122 1157 1167 sorore
1210 1102 1401 1167 Anna
1457 1102 1700 1185 Sophia
1754 1104 1976 1186 lingua
2038 1105 2239 1169 latina
2300 1106 2729 1170 institueretur

382 1200 735 1267 secundum
778 1223 1014 1268 novam
1056 1203 1443 1269 methodum.
1530 1206 1682 1288 Ipse
1723 1225 1876 1271 vero
1920 1204 2275 1288 Ratichius,
2351 1227 2474 1289 quo
2517 1207 2728 1273 minus

380 1301 582 1368 Ienae
624 1304 879 1386 publice
924 1304 1207 1388 doceret,
1268 1306 1438 1388 quod
1489 1307 1550 1371 ei
1606 1312 1897 1372 suaserat
1938 1307 2321 1390 Ammaeus,
2383 1309 2727 1393 impeditus

383 1411 484 1471 est
538 1405 815 1488 quadam
873 1408 1260 1473 haesitantia
1315 1409 1605 1490 linguae,
1682 1428 1873 1490 quam
1929 1429 2059 1475 non
2130 1412 2332 1493 potuit
2403 1431 2722 1496 superare,

381 1508 577 1572 etiam
623 1507 1100 1575 demosthenica
1142 1518 1279 1575 arte
1321 1510 1629 1575 adhibita.

552 1609 784 1675 Postea
829 1631 906 1675 ea
948 1612 1055 1676 via
1069 1660 1085 1692 ,
1151 1633 1341 1694 quam
1384 1612 1557 1695 apud
1601 1633 1717 1677 nos
1762 1613 2165 1678 Wesenbecii
2206 1615 2509 1696 inierant,
2584 1637 2725 1700 pro-

377 1731 636 1793 gressus
711 1719 807 1777 est
879 1711 1199 1779 Osvaldus
1271 1714 1650 1796 Hilligerus,
1726 1714 1932 1796 Saxo,
2007 1717 2146 1798 qui,
2222 1738 2413 1799 quum
2474 1719 2724 1784 Altorfii

376 1813 665 1880 audisset
720 1814 1081 1897 Scipionem
1139 1816 1458 1881 Gentilem
1532 1823 1595 1881 et
1656 1817 1993 1899 Hugonem
2048 1819 2393 1884 Donellum
2410 1868 2426 1901 ,
2500 1827 2724 1905 postea

376 1915 675 1981 inclaruit
744 1917 906 1981 libro
980 1917 1150 1982 edito
1223 1938 1410 2001 quem
1482 1918 1828 1983 Donellum
1900 1920 2302 1985 enucleatum
2384 1923 2721 2006 inscripsit.

377 2018 604 2099 Neque
646 2019 832 2084 aliter
875 2020 1178 2085 Nicolaus
1223 2020 1711 2103 Christophorus
1755 2040 1798 2084 a
1837 2021 2170 2104 Lyncker,
2231 2024 2338 2104 qui
2378 2024 2479 2089 ius
2521 2045 2722 2090 roma-

375 2141 530 2184 num
575 2120 1013 2203 profitebatur,
1075 2128 1138 2187 et
1181 2122 1449 2203 Struvii,
1509 2124 1618 2204 qui
1661 2129 1792 2187 tam
1836 2123 1935 2187 ius
1977 2144 2308 2189 romanum
2353 2146 2541 2208 quam
2584 2147 2723 2209 ger<

374 2224 695 2287 manicum
711 2271 726 2302 ,
803 2229 867 2288 et
923 2223 1318 2289 Christianus
1368 2223 1768 2307 Theophilus
1811 2223 2100 2291 Buderus
2116 2274 2131 2307 ,
2208 2229 2383 2310 qui,⁴
2421 2228 2720 2295 Arumaei

377 2326 742 2407 exemplum
786 2331 1067 2406 secutus,
1112 2327 1214 2391 ius
1257 2326 1579 2409 publicum
1625 2325 2086 2391 Germanorum
2131 2331 2385 2412 egregie
2429 2330 2717 2396 docuere.

380 2425 671 2491 Ceterum
714 2427 819 2490 hic
863 2434 926 2491 et
952 2428 1332 2511 Lynckerus
1376 2428 1567 2493 etiam
1612 2429 1758 2493 aliis
1802 2429 2166 2494 nominibus
2199 2430 2280 2496 de
2307 2433 2720 2499 universitate

375 2535 594 2592 nostra
635 2529 963 2612 praeclare
1005 2536 1384 2611 meruerunt,
1430 2532 1611 2611 alter,
1655 2530 2034 2615 Lynckerus
2050 2579 2065 2606 ‚
2112 2533 2501 2617 stipendium
2543 2535 2718 2600 theo-

376 2631 652 2712 logicum
698 2633 1117 2696 lautissimum
1174 2632 1479 2714 legando,
1554 2634 1743 2714 alter,
1821 2633 2140 2717 Buderus,
2217 2636 2716 2703 conditissimam

374 2731 844 2797 bibliothecam.
919 2732 1210 2798 Tandem
1253 2733 1640 2799 Hellfeldius
1683 2736 2270 2802 commemorandus
2314 2746 2427 2820 est,
2473 2746 2543 2804 ut
2584 2741 2717 2803 lau-

376 2834 740 2899 datissimus
783 2835 881 2899 sui
922 2837 1225 2918 temporis
1282 2834 1739 2918 pandectarum
1795 2838 2108 2921 interpres
2124 2887 2140 2920 ,
2216 2839 2331 2905 sed
2387 2841 2495 2922 qui
2549 2839 2715 2905 adeo

374 2941 767 3018 contemptor
807 2936 926 3001 fuit
967 2937 1415 3020 philosophiae
1458 2938 1854 3019 aliarumque
1899 2942 2177 3005 omnium
2236 2940 2713 3025 disciplinarum

372 3059 504 3102 non
531 3037 892 3120 forensium,
938 3045 1025 3120 ut,
1073 3058 1264 3121 quum
1297 3039 1458 3105 forte
1486 3042 1555 3103 in
1584 3040 1704 3105 has
1732 3059 1836 3105 res
1866 3060 2073 3107 sermo
2100 3042 2425 3125 incideret,
2473 3043 2714 3108 Cuiacii

372 3140 487 3205 illo
536 3139 701 3205 dicto
748 3141 839 3204 uti
882 3142 1146 3206 soleret:
1219 3140 1372 3222 quid
1415 3141 1536 3206 hoc
1579 3140 1664 3205 ad
1722 3141 1999 3207 edictum
2055 3145 2413 3226 praetoris?
2485 3146 2712 3227 Neque

371 3240 519 3305 huic
560 3242 781 3322 generi
825 3240 1148 3307 doctorum
1192 3242 1450 3307 laudem
1479 3264 1658 3308 suam
1692 3243 2152 3327 derogabimus,
2199 3266 2389 3328 quum
2420 3254 2712 3312 accurate

374 3349 437 3407 et
481 3341 822 3424 diligenter
865 3364 1046 3408 suam
1093 3343 1495 3427 disciplinam
1539 3345 1934 3411 tradiderint.

544 3443 673 3509 Sed
715 3446 902 3510 venio
945 3466 1115 3510 nunc
1159 3444 1243 3510 ad
1286 3452 1536 3529 tempus
1582 3467 1705 3529 quo
1752 3447 2079 3513 Kantiana
2119 3449 2527 3533 philosophia
2574 3449 2707 3516 fere

367 3547 435 3610 in
523 3565 741 3611 omnes
811 3548 1318 3612 universitatium
1389 3550 1893 3630 germanicarum
1967 3550 2338 3634 disciplinas
2407 3571 2706 3634 magnam

373 3667 638 3730 eamque
679 3647 1040 3730 frugiferam
1084 3651 1216 3714 vim
1261 3650 1593 3733 explicuit,
1669 3652 1770 3716 cui
1814 3652 2005 3716 etiam
2048 3652 2542 3734 iurisprudentia
2594 3655 2708 3718 ali-

368 3747 521 3831 quid
564 3750 873 3815 concessit
887 3798 904 3832 ,
979 3757 1044 3816 et
1086 3751 1343 3833 quidem
1386 3753 1453 3815 in
1496 3753 1633 3817 iure
1674 3754 1983 3834 naturali,
2055 3754 2124 3817 in
2166 3754 2301 3819 iure
2342 3755 2599 3836 publico
2644 3762 2708 3820 et

369 3851 699 3915 criminali.
757 3853 959 3934 Igitur
1000 3853 1398 3935 Theophilus
1441 3853 1868 3919 Hufelandius
1904 3853 2306 3920 Gedanensis
2349 3856 2524 3939 apud
2564 3877 2702 3939 nos,
2818 3935 2821 3939 Α

366 3953 606 4035 primus
649 3954 814 4018 inter
855 3955 1345 4035 iureconsultos,
1419 3956 1517 4019 ius
1560 3962 1827 4020 naturae
1869 3976 1982 4020 seu
2024 3956 2497 4039 philosophiam
2553 3959 2705 4024 iuris

368 4054 584 4119 docuit
626 4054 967 4120 Kantianis
1010 4058 1366 4139 praeceptis
1410 4057 1746 4141 insistens;
1823 4056 2068 4122 deindev
2101 4057 2337 4123 Paulus
2381 4059 2704 4125 Iohannes

366 4155 710 4221 Anselmus
767 4157 1238 4223 Feuerbachius
1293 4158 1862 4241 Francofurtanus,
1937 4180 1977 4223 a
2033 4159 2482 4242 philosophiae
2530 4160 2702 4225 Kan-

365 4257 580 4322 tianae
622 4256 848 4352 studiis
876 4258 963 4323 ad
989 4259 1547 4343 iurisprudentiam
1576 4280 1965 4344 progressus,
2010 4262 2110 4326 ius
2137 4262 2485 4343 criminale,
2532 4261 2703 4343 quod

365 4359 505 4424 sine
547 4359 960 4443 philosophia
1012 4369 1182 4427 recte
1234 4361 1490 4427 tractari
1545 4383 1674 4427 non
1730 4368 1969 4445 potest,
2044 4362 2219 4445 apud
2280 4384 2398 4428 nos
2454 4363 2698 4447 docuit3
