3499 5219
1665 354 2233 417 —-106——-

780 538 822 585 a
865 519 987 586 deo
1031 518 1189 584 mihi
1230 516 1558 600 mandate,
1603 518 1856 585 functus
1898 540 2059 601 sum,
2105 519 2283 586 eain
2310 518 2546 586 civium
2572 539 2859 588 meorum
2888 523 3119 591 animis

780 628 845 689 et
898 622 1103 688 laetas
1159 618 1410 688 radices
1466 627 1535 687 et
1585 620 1823 686 fruetus
1878 620 2170 687 salubres
2224 620 2375 704 egit.
2474 621 2667 689 Faxit
2708 623 2902 707 igitur
2944 622 3118 707 deus,
3190 670 3193 671 f

777 729 848 789 ut
889 728 1143 788 mutuus
1184 741 1366 788 amor
1414 722 1774 806 principum
1830 729 1896 790 et
1951 722 2205 807 populi,
2264 740 2454 806 quem
2511 723 2688 808 apud
2744 745 2863 792 nos
2922 728 3121 793 multa

776 825 996 892 aluere
1023 823 1301 906 saecula,
1345 823 1578 890 laetius
1620 843 1792 889 nunc
1833 824 2028 891 etiam
2070 822 2427 891 efflorescat
2466 832 2534 892 et
2571 825 2660 891 ad
2701 846 2880 893 seres
2922 848 3119 911 usque

776 931 1045 1009 nepotes
1099 924 1432 1010 perduret!
1518 925 1710 992 Faxit
1767 927 2032 993 salvam.
2072 932 2267 1009 atque
2322 925 2704 994 incolumem
2751 928 2923 1001 hane
2975 929 3118 996 civi·

775 1034 991 1109 tatem,
1036 1045 1388 1111 pacemque
1431 1025 1717 1093 divinam
1762 1035 2071 1113 perpetuo
2116 1027 2176 1093 ei
2217 1030 2582 1096 conservet!

948 1332 1086 1397 Hae
1122 1331 1343 1398 divina
1385 1351 1548 1416 pace
1588 1331 1708 1398 TU
1752 1331 1911 1415 ipse,
1958 1333 2199 1417 optime
2225 1338 2291 1399 et
2317 1330 2775 1401 candidissime
2803 1335 3115 1425 princeps,

775 1434 1020 1518 fruare;
1077 1453 1197 1500 nos
1239 1439 1454 1500 autem
1498 1440 1563 1500 et
1604 1434 1760 1500 TUI
1803 1452 2058 1518 semper
2098 1432 2575 1500 recordabimur
2617 1442 2713 1518 et,
2759 1436 3118 1503 ultimorum

777 1539 1058 1602 Tuorum
1085 1535 1421 1603 verborum
1452 1555 1786 1618 memores,
1830 1536 2097 1627 antiqua
2137 1535 2284 1619 fide,
2328 1542 2400 1602 ut
2440 1535 2582 1620 ipse
2619 1556 2796 1620 aves,
2841 1539 3117 1605 colemus

776 1656 1208 1705 successorem
1253 1638 1497 1703 Tuum!

945 1739 1015 1805 Si
1059 1737 1212 1822 quid
1257 1745 1355 1804 est
1396 1745 1611 1806 autem
1654 1738 1901 1821 solatii,
1958 1738 2129 1823 quod
2170 1739 2239 1803 in
2282 1739 2562 1805 maximo
2604 1740 2779 1806 luctu
2794 1788 2812 1823 ‚
2870 1748 3118 1824 praeter

777 1842 966 1907 deum
1037 1841 1463 1906 immortalem
1477 1887 1495 1921 ‚
1569 1838 1763 1905 etiam
1834 1839 1927 1924 pii
1993 1840 2434 1907 defunctorum
2489 1861 2715 1909 manes
2770 1842 3118 1925 praebeant

775 1942 1255 2026 superstitibus,
1301 1942 1423 2008 hoc
1464 1944 1566 2007 Tu
1608 1941 1853 2025 praebe
1893 1942 2226 2008 MARIAE
2269 1942 2522 2026 coniugi
2565 1949 2631 2011 et
2671 1942 2802 2009 filio
2848 1943 3117 2012 dilectis-

778 2045 939 2109 simo
992 2062 1424 2127 praesensque
1480 2043 1846 2110 etiamnunc
1896 2044 2202 2111 interesto
2258 2043 2503 2110 civitati
2555 2045 2736 2112 Tuae
2791 2046 3114 2129 moerenti,

777 2165 941 2228 quae
971 2144 1096 2209 Tui
1138 2165 1464 2228 nunquam
1502 2145 1928 2212 obliviscetur.
2011 2148 2324 2226 OABJE,
2370 2150 2759 2227 ΧΡΗΣΤΕ,
2806 2149 3116 2213 ΧΑΙΡΕ.
