3499 5219
800 573 1051 640 tesiana
1110 568 1427 654 principia
1478 567 1864 633 medicinam
1920 588 2001 634 ex
2056 568 2444 634 mechanicis
2506 568 2939 637 fundamentis
2965 615 2972 620 ·
2997 590 3144 637 con·

800 684 1041 744 struere
1085 678 1349 738 conatus
1393 677 1509 735 est.
1581 670 1677 735 Ac
1716 670 1878 735 miro
1924 669 2198 751 quodam
2228 690 2380 735 casu
2419 669 2656 735 factum
2686 677 2801 753 est,
2847 678 2916 736 ut
2955 672 3145 740 huius

799 777 921 842 viri
963 795 1157 841 causa
1198 774 1421 839 Ienam
1463 772 1799 837 accederet
1837 771 2116 837 Ioannes
2158 772 2519 839 Ioachimus
2548 772 3143 857 Winckelmannus‚

799 880 907 962 qui
959 884 1215 961 postea,
1274 895 1465 957 quum
1528 873 1808 940 studium
1863 873 2018 938 artis
2071 872 2360 940 medicae
2415 873 2784 956 abiecisset,
2845 876 3144 942 archaeo·

796 980 1008 1063 logiae
1076 977 1364 1044 conditor
1434 975 1639 1040 factus
1707 982 1807 1040 est
1871 975 2265 1040 immortalis.
2282 976 2325 1052 ¹)
2432 976 2535 1039 Ex
2604 974 2884 1042 Wedelii
2954 999 3142 1062 porro

798 1081 1142 1165 disciplina
1182 1078 1357 1163 apud
1398 1098 1516 1143 nos
1560 1077 1797 1161 prodiit
1837 1077 1936 1140 vir
1976 1076 2213 1142 indolis
2240 1096 2391 1142 vere
2434 1076 2919 1160 philosophicae
2950 1079 3142 1146 Geor-

794 1184 939 1266 gius
981 1185 1289 1249 Ernestus
1331 1179 1644 1261 Stahlius,
1710 1198 1920 1244 novae
1973 1179 2259 1243 theoriae
2313 1177 2601 1244 medicae
2642 1186 2892 1262 auctor,
2951 1200 3142 1264 quam

795 1285 1205 1351 Leibnitiana
1230 1280 1639 1366 philosophia
1667 1280 2001 1363 excitavit3
2047 1280 2240 1345 etiam
2268 1280 2576 1363 chemiae,
2622 1301 2786 1363 quae
2812 1288 2948 1346 tum
2990 1290 3143 1348 tem-

794 1386 969 1470 poris
1011 1405 1161 1469 pars
1204 1382 1519 1467 quaedam
1575 1382 1864 1449 subiecta
1915 1381 2035 1446 fuit
2089 1380 2479 1464 medicinae,
2553 1403 2790 1448 novum
2848 1403 3139 1468 eumque,
3226 1426 3230 1430 Δ

794 1488 850 1555 si
879 1489 970 1553 ita
997 1487 1209 1553 dicere
1247 1487 1415 1568 licet,
1460 1485 1740 1551 idealem
1771 1484 2060 1567 spiritum
2101 1483 2437 1566 inhalavit,
2482 1484 2870 1568 phlogistica
2895 1486 3143 1552 theoria

792 1590 1075 1656 inventa.
1123 1588 1302 1667 Quae
1331 1594 1477 1670 post
1504 1586 1821 1652 Stahlium
1850 1592 2242 1652 emerserunt
2268 1585 2559 1652 medicae
2587 1587 2741 1652 artis
2770 1594 3136 1676 systemata,

791 1691 1040 1757 Halleri
1071 1698 1134 1756 et
1163 1690 1464 1771 Brownii,
1508 1688 1707 1754 Ienae
1734 1708 1866 1752 non
1909 1687 2295 1753 invenerunt
2334 1695 2679 1754 sectatores
2709 1708 2858 1754 suos
2886 1696 3139 1772 praeter

791 1792 1143 1874 Loderum,
1207 1793 1410 1856 virum
1450 1792 1520 1855 in
1564 1790 1737 1855 omni
1781 1789 2102 1855 medicina
2144 1790 2798 1873 experientissimum3
2866 1792 3137 1856 alterum

790 1914 942 1960 vero
987 1914 1233 1975 eorum,
1281 1893 1667 1974 Brovvnium,
1713 1890 2065 1957 confutavit
2106 1889 2269 1956 adeo
2315 1890 2712 1956 Christianus
2758 1891 3134 1959 Guilielmus

787 1995 1216 2062 Hufelandius
1269 1994 1665 2076 Thuringus,
1732 1992 1841 2075 qui
1895 1994 2135 2076 primus
2191 1994 2382 2059 etiam
2436 1993 2604 2059 inter
2657 1993 2940 2059 medicos
2993 2014 3133 2058 eam

790 2098 1195 2182 disciplinam
1240 2095 1542 2176 condidit,
1589 2116 1779 2177 quam
1822 2095 2199 2160 Franciscus
2242 2096 2415 2159 Baco
2459 2094 2959 2177 desideraverat⁷
3003 2116 3133 2160 ma-

789 2200 1190 2264 crobioticen.
1278 2198 1491 2265 Etiam
1535 2196 1932 2262 Christianus
1976 2195 2377 2263 Godofredus
2421 2187 2748 2263 Grunerus
2802 2196 3132 2262 nominan-

792 2301 909 2367 dus
954 2307 1068 2382 est,
1114 2300 1212 2364 vir
1253 2320 1480 2382 graece
1510 2307 1574 2364 et
1615 2299 1817 2364 latine
1846 2298 2089 2380 doctus,
2135 2298 2243 2381 qui
2285 2299 2355 2363 in
2381 2298 2713 2364 historiam
2742 2298 3130 2364 medicatum

787 2402 1268 2486 disciplinarum
1307 2402 1655 2484 inquisivit.

954 2505 1102 2568 Non
1146 2504 1465 2585 miramur,
1510 2522 1719 2586 neque
1747 2502 2140 2567 Kantianam
2183 2520 2391 2583 neque
2419 2501 2821 2567 Fichtianam
2852 2501 3128 2585 philoso-

785 2607 1005 2691 phiam
1048 2606 1316 2670 multum
1359 2605 1703 2671 contulisse
1744 2602 1831 2669 ad
1883 2602 2354 2669 reformandam
2408 2603 2823 2686 medicinam,
2880 2602 2999 2670 sed
3050 2603 3126 2686 is,

786 2709 894 2793 qui
939 2728 1020 2773 ex
1061 2707 1295 2772 Fichtii
1341 2705 1681 2789 disciplina
1721 2706 1988 2788 prodiit,
2035 2705 2464 2787 Schellingius
2478 2754 2495 2788 ,
2555 2706 2770 2771 ascitis
2815 2706 3128 2790 Spinozae

784 2810 1037 2894 placitis
1078 2830 1314 2874 novam
1372 2827 1637 2890 eamque
1690 2808 2008 2890 insignem
2052 2806 2227 2890 apud
2281 2826 2398 2871 nos
2456 2808 2870 2890 excogitavit,
2939 2828 3128 2890 quam

782 2912 923 2995 ipse
966 2911 1129 2975 dixit
1170 2910 1642 2995 philosophiam
1671 2911 2049 2974 naturalem.
2113 2909 2290 2973 Haec
2318 2909 2569 2974 radices
2597 2909 2727 2992 egit
2767 2910 2837 2975 in
2879 2910 3128 2976 medica

783 3020 921 3077 arte
982 3013 1245 3078 minime
1289 3011 1808 3077 contemnendas.
1896 3010 2101 3089 Quam
2153 3010 2626 3093 philosophiam
2671 3010 2909 3077 deinde
2966 3013 3123 3076 miro

784 3113 1077 3179 acumine
1120 3114 1397 3179 excoluit
1440 3112 1727 3179 Okenius
1770 3118 2004 3194 noster,
2050 3111 2463 3194 sequentibus
2507 3111 2736 3178 Oarolo
2782 3112 3123 3179 Guilielmo

785 3235 867 3281 ex
894 3216 1226 3299 praeclara
1255 3216 1515 3281 Starkia
1540 3221 1732 3297 gente
1762 3214 2031 3295 medica,
2064 3214 2340 3294 lenensi,
2375 3220 2440 3278 et
2465 3213 2741 3279 Aemilio
2771 3215 3120 3296 Huschkio,

783 3318 1187 3397 Vimariensi,
1234 3337 1497 3399 quorum
1539 3323 1805 3382 mortem
1848 3322 2319 3398 praematuram
2362 3316 2672 3397 lugemus.

950 3418 1258 3483 Videmus
1310 3418 1500 3500 igitur
1554 3417 1838 3483 medicos
1901 3423 2171 3499 nostros,
2239 3437 2600 3499 quanquam
2664 3438 2872 3484 rerum
2937 3438 3124 3501 expe-

781 3520 1013 3586 rientia
1055 3520 1332 3600 edoctos,
1378 3538 1704 3602 nunquam
1746 3539 1879 3584 non
1920 3518 2117 3585 fuisse
2159 3519 2604 3603 philosophiae
2646 3520 3122 3601 curiosissimos,

781 3641 972 3704 quam
1015 3622 1070 3686 si
1110 3640 1390 3704 unquam
1433 3622 1941 3703 aspernabantur
1981 3619 2243 3702 medici,
2300 3621 2728 3686 liberaliorem
2773 3620 3124 3686 doctrinam

780 3724 1113 3788 revolvent
1153 3723 1238 3787 ad
1281 3723 1741 3807 Aegyptiorum
1784 3723 1962 3787 irrita
2005 3722 2361 3787 conamina.

911 4025 947 4090 ¹)
984 4026 1196 4077 Secutus
1216 4043 1327 4076 sum
1345 4028 1663 4077 Fernovium.
1720 4025 1820 4076 Sed
1855 4026 1964 4090 ipse
1995 4041 2097 4074 non
2124 4026 2270 4092 potui
2291 4025 2346 4075 in
2364 4026 2648 4076 matriculis
2673 4024 2977 4075 Jenensibus
2998 4027 3121 4077 anni

785 4113 909 4162 1741
932 4112 1152 4176 reperire
1171 4112 1278 4162 eius
1298 4128 1504 4161 nomen:
1544 4112 1704 4176 igitur
1725 4110 1886 4160 autin
1902 4112 2061 4176 gyratis
2080 4112 2327 4176 inscriptis
2345 4111 2513 4175 latuit,
2535 4115 2623 4161 aut
2642 4111 2826 4161 erravit
2844 4111 3121 4160 Fernovius

777 4211 930 4260 quum
945 4196 1135 4261 legeret
1151 4213 1332 4246 nomen
1348 4197 1592 4248 Friderz’ci
1606 4196 1778 4245 nescio
1795 4194 1940 4244 cuius
1966 4195 2212 4247 Wilhelmi
2236 4195 2634 4259 Winckelmanni,
2652 4195 2698 4244 N
2703 4195 3119 4258 cosano-Varisci,

781 4281 865 4345 qui
902 4282 1061 4344 gratis
1096 4281 1395 4346 inscriptius
1442 4280 1542 4330 fuit
1573 4281 1620 4331 d.
1658 4282 1720 4331 27
1753 4279 1901 4330 Mart.
1932 4281 2077 4330 1741.
2154 4280 2329 4332 Gratis·
2364 4281 2517 4330 etiam
2551 4279 2700 4329 Halis
2739 4280 3017 4344 inscriptus
3054 4295 3105 4330 es

778 4364 1245 4418 Winckelmannua
1300 4366 1358 4417 V.
1398 4364 1453 4417 O.
1489 4367 1656 4418 Justi:
1689 4364 2079 4415 Winckelmann
2117 4366 2173 4415 in
2207 4365 2557 4415 Deutschland
2592 4381 2642 4430 p.
2679 4366 2793 4416 489.
