3499 5219
1768 351 2229 415 „202—

719 595 742 616 .
771 522 1025 587 fuerunt
1080 519 1187 602 qui
1243 540 1285 585 a
1341 516 1562 599 βάζειν
1616 516 1930 584 vocabulo
1987 518 2354 586 derivarent
2416 520 2762 603 (Boettigcr
2815 519 3113 586 Kunstm.
3174 548 3182 553 ·

773 644 836 708 p.
891 625 1026 687 108.
1099 620 1525 688 Schoemann.
1569 620 1768 702 antiq.
1812 638 1906 701 gr.
1950 620 2037 685 ΙΙ.
2082 640 2146 705 p.
2191 622 2397 697 270.)‚
2455 620 2620 687 nihil
2674 628 2745 685 ιιι
2800 621 3113 705 significet

773 724 951 791 aliud
996 722 1184 789 Bacis
1227 742 1415 805 quam
1458 722 1805 787 locutorem
1846 721 1971 802 vel,
2017 727 2086 785 ut
2127 722 2220 786 ita
2263 720 2492 804 dicam,
2538 722 2729 787 Aium
2757 723 3109 791 Leontium.

773 828 971 893 Recte
1014 825 1299 909 quidem,
1357 823 1473 890 sed
1514 824 1602 905 is,
1660 823 1769 908 qui
1810 822 2071 888 Bacidis
2113 843 2350 890 nomen
2392 823 2604 906 finxit,
2662 821 2885 906 βάζειν
2929 845 3113 891 voca-
3229 840 3236 848 ’

772 929 995 995 bulum
1060 947 1202 993 cum
1261 922 1567 1007 σαβάζειν
1625 925 2059 1009 composuisse
2115 924 2397 1007 videtur,
2470 933 2541 991 ut
2608 926 2783 992 furor
2853 927 3113 1010 quidam

776 1030 1033 1095 divinus
1088 1029 1228 1112 ipso
1283 1029 1542 1094 nomine
1591 1027 1998 1093 indicaretur.
2098 1026 2345 1093 Scimus
2400 1028 2573 1107 enim
2624 1028 2834 1112 ipsum
2878 1028 3115 1094 Bacchi

773 1150 1008 1196 nomen
1078 1151 1123 1195 a
1190 1129 1461 1197 Sabazio
1534 1128 1875 1195 deductum
1947 1148 2089 1195 esse
2161 1133 2244 1205 (v.
2310 1129 2362 1194 I.
2428 1129 2508 1195 H.
2568 1130 2782 1197 Vossii
2845 1132 3114 1216 Mythol.

774 1234 1034 1299 Forsch.
1065 1233 1151 1298 II.
1200 1253 1263 1316 p.
1296 1236 1380 1314 5),
1425 1232 1515 1297 ita
1557 1237 1627 1295 ut
1670 1228 1979 1311 σαβάζειν
2021 1230 2155 1296 fere
2197 1230 2361 1295 nihil
2401 1231 2683 1299 differret
2710 1254 2753 1297 a
2779 1231 3112 1313 βακχεύειν

776 1337 878 1413 (cf.
908 1334 1268 1401 Welckeri:
1312 1333 1562 1399 Griech.
1600 1332 1868 1399 Gotterl.
1914 1332 1965 1397 I.
2012 1352 2075 1415 p.
2107 1334 2358 1410 427.)²).
2444 1333 2586 1399 Huc
2627 1334 2896 1416 accedit,
2942 1334 3112 1418 quod

763 1428 898 1520 'ipsi
929 1435 1155 1504 Graeci
1196 1435 1265 1500 in
1306 1436 1459 1500 vino
1503 1453 1647 1502 esse
1689 1433 2014 1517 quandam
2046 1433 2509 1501 divinationem
2538 1443 2708 1501 recte
2738 1443 3111 1502 statuerunt.

773 1538 881 1604 Sic
922 1540 1093 1604 enim
1137 1537 1477 1621 Euripides
1520 1536 1754 1602 Bacch.
1801 1539 1945 1600 291.

1667 1691 1755 1700 —-
1797 1651 1867 1716 τὸ
1911 1650 2028 1735 γὰρ
2069 1653 2488 1733 βακχεύσιμον

1266 1740 1365 1800 καὶ
1411 1736 1481 1800 τὸ
1520 1739 1827 1818 μανιῶδες
1865 1737 2163 1819 μαντικὴν
2204 1738 2435 1821 πολλὴν
2478 1738 2613 1819 ἔχει.

774 1879 1000 1961 Neque
1056 1877 1323 1942 multum
1380 1874 1563 1940 abest
1610 1874 1693 1939 ab
1736 1874 1859 1939 hac
1900 1875 2177 1941 nominis
2223 1875 2622 1941 derivatione
2665 1877 3108 1961 Aristophanis

772 1981 998 2061 irrisiO,
1044 1998 1233 2062 quum
1278 1977 1370 2042 ita
1413 1976 1647 2058 (Equit.
1688 1978 1849 2052 125.)
1923 1976 2174 2041 Niciam
2218 1977 2417 2059 fingat
2461 1978 2670 2045 dicere
2715 1978 2798 2044 de
2841 1979 3104 2044 Bacide:

1265 2098 1470 2178 πολλῷ
1510 2090 1574 2173 γ’
1622 2091 1655 2156 ὁ
1701 2092 1896 2165 Βάκις
1938 2094 2155 2176 ἐχρῆτο
2201 2100 2288 2178 τῷ
2330 2096 2624 2181 ποτηρίῳ.

774 2233 890 2300 Oui
921 2233 1088 2299 dicto
1117 2251 1374 2316 prorsus
1403 2230 1749 2314 respondet
1775 2229 1937 2294 illud
1968 2229 2225 2296 Goethii
2255 2231 2638 2299 Divanicum
2669 2234 2752 2312 (V
2754 2282 2770 2299 .
2815 2254 2880 2317 p.
2912 2237 3102 2310 2010:

1483 2351 1559 2409 So
1602 2352 1745 2427 lang
1787 2370 1920 2410 man
1964 2350 2252 2410 nuchtern
2294 2351 2390 2432 ist,

1481 2434 1704 2495 Gefallt
1747 2436 1852 2494 das
1897 2435 2245 2513 Schlechte3

1485 2520 1618 2579 Wie
1661 2541 1796 2580 man
1839 2521 2174 2597 getrunken
2216 2522 2338 2601 hat,

1485 2605 1681 2666 Weiss
1721 2606 2004 2666 man‘das
2046 2606 2290 2669 Rechte.

772 2743 973 2825 Igitur
1029 2740 1489 2808 divinationem
1532 2740 1878 2807 humanam
1925 2741 2320 2809 extrinsecus
2363 2745 2627 2810 excitari
2669 2745 2821 2809 vino
2865 2745 3108 2827 hausto,

770 2846 910 2927 ipso
954 2843 1215 2909 nomine
1257 2842 1400 2908 ficto
1429 2841 1688 2909 Bacidis
1730 2842 2002 2926 prodere
2045 2845 2326 2911 voluisse
2369 2844 2623 2912 videtur
2652 2844 3108 2930 Onomacritus,

771 2946 994 3028 Longe
1036 2946 1226 3012 aliter
1267 2946 1487 3022 statuit
1527 2946 1712 3010 Plato
1728 2993 1745 3028 ,
1805 2945 1910 3028 qui
1961 2946 2253 3008 iocinoris
2296 2947 2619 3029 quandam
2661 2949 2953 3015 innatam
2995 2951 3112 3015 vir-

770 3054 969 3113 tutem
1013 3066 1155 3114 esse
1198 3052 1438 3127 μανίαν
1482 3048 1587 3113 vel
1632 3067 1882 3114 sacrum
1923 3047 2202 3113 furorem
2233 3050 2502 3132 putabat
2531 3051 2720 3129 (Tim.
2766 3074 2830 3136 p.
2864 3057 2937 3115 71
2975 3054 3109 3135 sq.),

771 3150 958 3214 aliter
1022 3149 1214 3214 etiam
1271 3149 1650 3215 Aristoteles
1707 3150 2050 3228 (Problem.
2108 3149 2328 3216 XXX.
2384 3173 2449 3235 p.
2497 3156 2640 3217 953.
2687 3161 2773 3227 a.)
2846 3155 2954 3237 qui
3006 3153 3115 3235 fel
3194 3229 3199 3234 ,

774 3269 916 3316 esse
960 3249 1179 3314 sedem
1225 3250 1635 3316 divinationis
1681 3250 1875 3333 dixit,
1936 3250 2247 3317 fanaticos
2305 3254 2477 3319 enim
2533 3275 2754 3320 omnes
2805 3275 2949 3320 esse
2990 3274 3113 3316 me-

772 3349 1163 3430 lancholicos,
1209 3351 1278 3414 in
1317 3351 1545 3434 quibus
1575 3352 2033 3435 Empedoclem
2064 3353 2390 3420 Socratem
2420 3364 2485 3421 et
2510 3356 2844 3422 Platonem
2873 3357 3111 3422 habuit.

773 3453 1004 3518 Nescio
1059 3471 1144 3516 an
1198 3450 1360 3517 haec
1413 3454 1938 3537 philosophorum
1997 3454 2287 3519 doctrina
2350 3454 2430 3522 de
2486 3457 2766 3524 iecinore
2824 3465 2889 3525 et
2940 3458 3109 3540 felle,

773 3561 1075 3636 tanquam
1132 3551 1413 3619 fontibus
1469 3554 1913 3638 divinationis,
1974 3555 2252 3623 derivari
2308 3558 2505 3623 etiam
2561 3560 2766 3642 possit
2807 3580 2889 3626 ex
2931 3562 3113 3626 haru-

775 3656 1060 3739 spicinae
1103 3654 1463 3739 disciplina,
1510 3654 1591 3720 de
1636 3675 1763 3738 qua
1804 3678 1864 3722 v.
1907 3658 2301 3743 Aeschylum
2345 3660 2555 3724 Prom.
2602 3664 2758 3727 504:

1296 3776 1507 3852 χολῆς,
1553 3776 1747 3852 λοβοῦ
1791 3797 1855 3837 τε
1897 3777 2178 3857 ποικίλην
2221 3774 2585 3860 εὐμορφίαν.

775 3895 925 3992 Ipse
952 3915 1165 3974 tamen
1193 3909 1571 3975 Aristoteles
1601 3909 2077 3977 Onomacritum
2105 3931 2316 3994 neque
2343 3912 2410 3978 in
2439 3912 2735 3981 fanaticis
2762 3914 3108 3998 habuisset,

773 4030 981 4093 neque
1023 4010 1090 4074 in
1133 4011 1631 4095 melancholicis,
1679 4012 1796 4079 sed
1839 4013 2171 4078 habuisset
2211 4014 2281 4079 in
2324 4015 2828 4083 chrematisticis.

909 4214 944 4271 ¹)
992 4213 1210 4279 Hesych.
1247 4207 1556 4280 Βαβοέκτης·
1604 4209 1891 4282 ὀρχηστής.
1939 4210 2203 4284 ὖμνῳδός.
2253 4212 2544 4282 μανιώδης.
2593 4215 2929 4287 κραὺγασος·
2981 4212 3109 4271 ὅθεν

773 4295 863 4346 καὶ
898 4295 1120 4366 Βάκχος.
