3499 5219
1274 406 1801 466 *71—

369 592 581 653 neque
626 570 823 653 digna
866 578 1130 653 utroque
1173 572 1327 652 vii-0,
1373 568 1737 653 quanquam
1767 570 2090 652 Buddeus,
2137 590 2264 653 qua
2298 574 2546 640 mitiore
2575 583 2714 640 erat

369 675 572 738 animi
626 680 855 737 natura
909 692 986 737 ac
1041 674 1482 756 temperatiore
1495 721 1512 755 ,
1586 673 1654 738 in
1712 672 2163 738 defensitanda
2216 694 2409 740 causa
2464 677 2712 742 mitiore

369 777 568 841 etiam
611 774 982 857 disputandi
1024 794 1259 855 genere
1302 795 1453 841 usus
1508 781 1607 840 est
1660 795 1851 857 quam
1895 774 2214 858 Wolffius,
2290 777 2468 842 cuius
2523 779 2712 844 vehe-

369 877 745 943 mentiorem
788 883 1080 953 naturam
1123 875 1397 942 adversa
1439 877 1631 941 etiam
1664 876 1919 941 fortuna
1947 883 2222 942 acuerat.
2280 877 2376 943 Ac
2403 878 2712 946 Buddeus

368 988 587 1045 tamen
630 999 748 1043 nec
790 979 993 1042 voluit
1033 977 1345 1060 impedire
1386 999 1506 1043 nec
1548 979 1771 1061 potuit,
1818 978 2152 1059 quominus
2186 979 2530 1045 Wolffiana
2572 982 2714 1064 phi·

369 1081 667 1163 losophia
712 1080 903 1145 etiam
947 1080 1142 1144 Ienae
1184 1078 1435 1145 radices
1477 1086 1713 1162 ageret.
1780 1080 1947 1143 Nam
1992 1079 2353 1147 Ioachimus
2398 1082 2709 1164 Georgius

368 1185 728 1263 Dariesius,
805 1182 1349 1262 Guestroviensis,
1424 1181 1769 1246 Wolffiana
1838 1189 2179 1264 praecepta
2250 1203 2392 1247 cum
2464 1184 2712 1267 ingenti

368 1287 688 1369 applausu
730 1284 835 1347 hic
875 1282 1154 1347 tradidit.
1226 1283 1363 1348 Hoc
1403 1290 1621 1349 tamen
1663 1283 1954 1348 utilitatis
1997 1282 2220 1348 habuit
2262 1283 2421 1349 haec
2464 1285 2710 1369 discep-

367 1389 526 1452 tatio
583 1387 1023 1468 theologorum
1087 1405 1227 1449 cum
1291 1385 1720 1468 philosophis,
1798 1391 1866 1448 ut
1933 1386 2003 1449 in
2075 1391 2395 1467 posterum
2469 1388 2710 1452 utravis

369 1491 639 1555 scientia
681 1507 798 1552 sua
839 1488 947 1551 via
991 1487 1165 1569 apud
1207 1507 1325 1552 nos
1369 1486 1885 1569 progrederetur,
1961 1492 2024 1551 et
2066 1487 2391 1568 theologia
2451 1489 2710 1570 quidem

367 1594 489 1673 ita,
551 1600 651 1674 ut,
711 1609 1075 1672 quanquam
1119 1588 1293 1653 haud
1336 1589 1654 1653 incuriosa
1695 1587 2145 1670 philosophiae
2161 1635 2177 1668 ,
2241 1594 2457 1654 tamen
2499 1608 2712 1672 neque

369 1690 724 1773 disputaret
764 1692 1084 1755 incassum
1129 1709 1269 1754 cum
1316 1690 1746 1772 philosophis,
1805 1708 2014 1770 neque
2054 1690 2409 1756 tollendam
2453 1710 2595 1756 esse
2638 1692 2708 1756 in

368 1793 679 1874 religione
734 1793 1047 1857 rationem
1098 1792 1516 1873 intelligeret,
1591 1811 1756 1872 quae
1811 1792 1923 1855 lux
1979 1792 2318 1873 lumenque
2373 1793 2546 1858 vitae
2591 1799 2706 1858 est.

369 1894 556 1958 Hunc
596 1895 787 1977 igitur
827 1895 1140 1959 tramitem
1183 1914 1312 1958 non
1356 1894 1747 1974 reliquerunt
1789 1912 2182 1958 successores
2226 1893 2477 1958 Buddei
2491 1942 2508 1975 ,
2567 1894 2704 1959 Ioh.

370 1996 682 2078 Georgius
724 1996 1081 2077 Walchius,
1126 1995 1263 2060 Ioh.
1310 1996 1436 2059 Iac.
1482 1994 1931 2059 Griesbachius
1946 2042 1961 2074 ‚
2004 1994 2258 2059 criticae
2300 2015 2521 2060 sacrae
2562 2015 2708 2060 con-

370 2097 554 2179 ditor,
601 2103 813 2179 (quem
841 2098 1129 2180 inprimis
1159 2097 1263 2160 hic
1291 2096 1537 2161 audivit
1566 2095 1963 2160 Christianus
1991 2096 2315 2177 Augustus
2343 2097 2706 2162 Lobeckius

368 2200 733 2282 philologus
777 2220 1076 2279 summus,
1121 2198 1586 2281 superstitionis
1626 2199 1966 2279 castigator
1993 2197 2377 2280 acerrimus),
2425 2198 2710 2264 Doeder-

369 2302 538 2366 linus
583 2302 960 2366 liberalioris
1004 2299 1152 2365 fidei
1197 2298 1611 2382 approbator,
1685 2298 1974 2380 Ilgenius
2015 2294 2364 2379 theologus
2397 2306 2459 2364 et
2500 2301 2706 2383 philo·

368 2404 552 2485 logus
564 2451 580 2484 ,
640 2409 879 2485 postea
908 2401 1539 2486 gymnasiarcharum
1583 2401 1941 2483 exemplar,
1999 2398 2238 2464 Paulus
2279 2401 2704 2466 antithauma-

367 2512 585 2587 turgus
601 2552 617 2585 ,
691 2504 1007 2586 Spinozae
1051 2503 1285 2585 editor,
1359 2504 1460 2567 De
1501 2502 1801 2583 Wettius,
1878 2502 1947 2565 in
1996 2500 2287 2565 omnibus
2342 2502 2705 2584 theologiae

370 2607 726 2690 disciplinis
781 2606 1277 2688 versatissimus,
1354 2604 1668 2670 Gablerus
1723 2604 2060 2669 bibliorum
2115 2603 2425 2687 interpres
2483 2602 2703 2670 doctus

367 2730 444 2774 ac
486 2709 763 2790 sobrius,
810 2709 1104 2774 Schottus
1147 2709 1244 2771 vir
1284 2725 1475 2772 verae
1517 2707 1807 2789 pietatis,
1866 2705 1939 2771 O.
1985 2705 2512 2788 Baumgartenius
2557 2707 2706 2772 Cru-

367 2813 586 2877 sianus
629 2811 1065 2892 theologorum
1112 2809 1524 2874 doctissimus.

537 2913 772 2978 Verum
816 2912 1173 2978 reformatio
1218 2911 1544 2992 religionis
1587 2909 1971 2974 christianae
2019 2929 2150 2973 non
2205 2909 2409 2973 solum
2464 2908 2704 2973 theolo-

365 3015 540 3097 giam
594 3013 1030 3095 exsuscitavit,
1106 3012 1221 3078 sed
1279 3013 1469 3077 etiam
1526 3009 2057 3094 iurisprudentiae
2105 3029 2339 3074 novam
2383 3009 2704 3091 quandam

367 3117 538 3180 viam
580 3117 847 3198 aperuit.
906 3115 1051 3181 Non
1095 3115 1321 3180 mirum
1365 3120 1462 3178 est
1504 3114 1692 3193 enim,
1737 3113 1866 3176 iam
1907 3110 2483 3191 Melanchthonem,
2529 3112 2704 3177 theo-

367 3219 612 3299 logum,
678 3218 747 3281 in
804 3217 1051 3282 ethicae
1108 3215 1432 3281 doctrinae
1487 3214 1821 3280 elementis
1875 3212 2081 3294 prima
2124 3210 2439 3294 quaedam
2480 3212 2704 3278 funda·

368 3325 586 3383 menta
623 3319 852 3384 iecisse
895 3320 1058 3400 legis
1099 3325 1385 3398 naturae,
1432 3337 1543 3381 seu
1584 3316 1739 3380 iuris
1782 3314 2110 3395 naturalia
2156 3332 2320 3395 quae
2360 3321 2586 3396 postea
2618 3316 2702 3379 ab

368 3420 640 3501 Hugone
685 3420 902 3484 Grotio
946 3419 1222 3500 Batavo,
1280 3418 1607 3483 conditore
1648 3417 1802 3481 iuris
1844 3422 2108 3481 naturae
2152 3422 2216 3479 et
2260 3416 2576 3498 gentium,
2633 3418 2703 3482 in

366 3541 559 3587 verae
602 3521 981 3605 disciplinae
1022 3522 1287 3586 formam
1330 3518 1592 3585 redacta
1644 3515 1904 3582 mirifice
1956 3517 2133 3580 auxit
2176 3515 2433 3580 Samuel
2476 3517 2703 3591 Pufen-

370 3623 656 3705 dorffius,
735 3623 937 3705 Saxo,
1013 3625 1119 3705 qui
1158 3623 1339 3687 initio
1383 3619 1556 3703 apud
1599 3640 1716 3684 nos
1762 3618 1978 3683 doctor
2018 3617 2163 3699 fuit,
2240 3617 2475 3683 deinde
2529 3637 2701 3699 vero,

368 3724 864 3807 Heidelbergam
906 3731 1198 3805 vocatus,
1256 3723 1495 3806 primus
1537 3724 1605 3785 in
1650 3721 1996 3786 Germania
2037 3719 2356 3802 professor
2395 3721 2550 3785 iuris
2593 3740 2704 3784 na·

368 3828 593 3892 turalis
653 3834 716 3891 et
769 3828 1082 3909 gentium,
1158 3845 1351 3906 quum
1408 3824 1685 3907 Spinoza
1739 3822 1906 3887 hanc
1965 3820 2236 3887 docendi
2306 3822 2701 3903 provinciam

370 3927 800 3994 detrectasset.
889 3927 1020 3994 Sed
1062 3928 1183 3991 hoc
1226 3924 1584 3990 mirandum
1627 3944 1771 3990 esse
1814 3925 1952 4005 quis
1995 3930 2203 4005 putet,
2271 3922 2701 3988 nobilissimos

369 4030 679 4112 quosdam
709 4031 989 4096 Batavos
1031 4029 1527 4108 iurisconsultos,
1574 4027 1699 4108 qui,
1748 4046 1939 4107 quum
1982 4025 2255 4107 patriam
2296 4023 2702 4105 reliquissent

368 4139 625 4215 propter
667 4133 932 4198 libatam
975 4129 1300 4213 religionis
1344 4128 1720 4208 libertatem,
1766 4127 2112 4207 Ienamque
2154 4144 2224 4190 se
2267 4125 2700 4204 contulissent,

368 4241 439 4301 ut
479 4235 801 4316 evangelii
844 4237 984 4300 luce
1026 4233 1381 4298 fruerentur
1421 4250 1551 4295 non
1596 4234 1864 4312 opacata
1908 4233 1971 4292 et
2011 4225 2570 4310 iurisprudentiam
2612 4226 2703 4291 ibi

371 4334 699 4419 docerent,
774 4334 1110 4399 arbitratos
1159 4352 1301 4399 esse
1341 4332 1531 4397 istam
1573 4329 1952 4395 liberalioris
1996 4327 2321 4393 doctrinae
2363 4328 2704 4411 investiga-
