3499 5219
1711 412 1775 417 —
1939 377 2058 441 196
2168 411 2281 416 --w

1943 630 2054 695 VI.

994 767 1350 833 Pausanias
1394 766 1480 848 II,
1529 770 1631 848 26,
1679 768 1749 831 8:
1814 759 1849 828 5
1898 764 1970 830 δὲ
2012 769 2234 846 τρίτος
2277 764 2408 827 τῶν
2455 759 2664 845 λόγων
2709 756 2976 846 ἥκιστα,
3027 759 3183 843 ἐμοὶ

822 868 1061 945 δοκεῖν,
1110 861 1370 955 ἀληθής
1415 866 1611 944 ἐστιν,
1653 859 2008 953 Ἀρσινόης
2051 864 2341 949 ποιήσας
2386 857 2558 930 εἶναι
2599 866 2716 949 τῆς
2759 867 3182 929 Λευκίππου

823 969 1041 1034 παῖδα
1079 962 1505 1056 Ἀσκληπιόν.
1589 962 2090 1053 Ἀπολλοφάνει
2132 967 2256 1052 γὰρ
2301 969 2401 1056 τιέξ
2432 960 2709 1049 Ἀρκάδι
2753 964 2820 1043 ἐς
2862 963 3185 1050 Δελφοὺς

824 1069 1097 1136 ἐλθόντι
1140 1073 1246 1136 καὶ
1296 1071 1581 1156 ἐρομένῳ
1625 1067 1738 1135 τόν
1783 1068 1970 1148 θεὸν,
2019 1069 2077 1135 εἰ
2111 1074 2367 1154 γένοιτο
2401 1066 2473 1147 ἐξ
2506 1062 2857 1151 Ἀρσινόης
2892 1062 3185 1152 Ἀσκλη·

818 1171 984 1251 πιὸς
1026 1175 1133 1238 καὶ
1179 1168 1596 1258 Μεσσηνίοις
1639 1173 1918 1252 πολίτης
1966 1171 2086 1256 ε’ίη,
2135 1170 2398 1255 ἔχρησεν
2442 1165 2479 1255 ἡ
2525 1174 2802 1235 Πυθία·

1102 1297 1187 1369 Ὦ
1227 1313 1389 1388 μέγα
1422 1302 1644 1387 χάρμα
1684 1310 1938 1388 βροτοῖς
1976 1305 2269 1382 βλαστων
2299 1301 2624 1384 Ἀσκληπιὲ
2666 1309 2872 1382 πᾶσιν,

1100 1388 1222 1456 Ον
1270 1395 1571 1473 Φλεγυηὶς
1612 1390 1841 1454 ἔτικτεν
1880 1392 1999 1473 ἐμῇ
2044 1391 2326 1495 φιλότητι
2368 1397 2633 1495 μιγεῖσα,

1107 1474 1464 1560 Ἶμερόεσσα
1507 1477 1793 1560 Κορωνὶς
1835 1477 1919 1539 ἔνι
1965 1482 2202 1560 κραναῇ
2242 1470 2610 1560 Ἐπιδαυρῳ.

817 1598 1011 1690 οὗτος
1069 1604 1104 1674 5
1159 1611 1456 1698 χρησμὸς
1516 1611 1709 1697 δηλοῖ
1762 1608 2052 1692 μάλιστα
2111 1604 2229 1676 οὐκ
2284 1606 2445 1677 ὄντα
2491 1604 2900 1692 Ἀσκληπιὸν
2940 1603 3185 1693 Ἀρσι-

816 1711 987 1797 νόης,
1036 1705 1208 1779 ἀλλὰ
1233 1710 1540 1780 Ἡσίοδον
1586 1707 1628 1799 ἢ
1669 1715 1803 1778 τῶν
1847 1737 1997 1777 τινα
2043 1711 2590 1799 ἐμπεποιηκότων
2636 1712 2702 1789 ἐς
2745 1710 2829 1777 τὰ
2852 1705 3176 1775 Ἡσιόδου

815 1815 899 1880 τὰ
954 1814 1081 1901 ἔπη
1142 1821 1469 1881 συνθέντα
1530 1815 1597 1893 ἐς
1662 1814 1778 1901 τὴν
1835 1819 2241 1900 Μεσσηνίων
2311 1813 2524 1899 χάριν.
2630 1814 2789 1880 Cum
2844 1815 3181 1880 Pausania

813 1917 1282 2003 comparandus
1339 1925 1435 1985 est
1491 1917 1843 1986 scholiasta
1894 1916 2159 1983 Pindari
2217 1917 2305 1983 ad
2347 1918 2536 2002 Pyth.
2582 1917 2703 1998 ΙΙΙ,
2768 1921 2867 1981 14.
2927 1914 2994 1980 οἱ
3053 1915 3178 1997 μὲν

807 2010 1159 2103 Ἀρσινόης
1234 2019 1299 2085 οἱ
1359 2021 1429 2085 δὲ
1487 2015 1873 2101 Κορωνίδος
1929 2016 2137 2104 φασὶν
2196 2011 2394 2083 αὐτὸν
2452 2012 2915 2100 (Ἀσκληπιόν)
2976 2009 3173 2082 εἶναι.

809 2116 1422 2243 Ἀσκληπιάδηςδέ
1467 2142 1670 2206 φησιν
1708 2114 2060 2204 Ἀρσινόην
2097 2116 2507 2185 Λευκίππου
2556 2113 2725 2185 εἶναι
2768 2121 2887 2184 τοῦ
2916 2116 3176 2205 Περιή-

807 2245 981 2305 ρους,
1029 2210 1105 2307 ἧς
1154 2226 1261 2287 καὶ
1304 2217 1730 2299 Λπόλλωνος
1767 2214 2175 2307 Ἀσκληπιὸς
2217 2219 2328 2287 καὶ
2371 2219 2669 2308 θυγάτηρ
2709 2214 3062 2305 Ἐριῶπις·

1058 2355 1150 2418 ‘H
1188 2355 1251 2419 δ’
1301 2353 1461 2420 ἶς”τεκ
1507 2357 1571 2419 ἐν
1611 2355 1902 2462 μεγάροις
1933 2355 2300 2437 Ἀσκληπιὸν
2342 2352 2621 2436 όρχαμον
2663 2352 2911 2440 ανδρῶν

1070 2442 1288 2528 Φοίβῳ
1331 2437 1754 2521 ὖποδμηθεΐσ’
1799 2438 2199 2522 ἥῦπλόκαμόν
2242 2440 2305 2503 τ’
2348 2440 2652 2521 Ἐριῶπιν.
2698 2479 2701 2482 -

813 2578 916 2641 καὶ
958 2569 1312 2664 Ἀρσινόης
1357 2571 1644 2658 ὁμοίως·

1146 2707 1433 2817 Ἀρσινόη
1480 2711 1548 2774 δὲ
1587 2719 1837 2817 μιγεῖσα
1878 2711 2036 2785 Διὸς
2078 2736 2177 2773 και
2221 2713 2486 2792 Λητοῦς
2527 2711 2642 2818 υἱῷ

1160 2794 1320 2859 τίκτ’
1354 2795 1721 2877 Ἀσκληπιὸν
1762 2794 1895 2859 υιὸν
1938 2793 2229 2876 ἀμύμονά
2273 2820 2334 2859 τε
2382 2794 2679 2880 κρατερόν
2721 2820 2803 2859 τε.

813 2931 880 2997 ἐν
938 2932 1009 2997 δὲ
1068 2942 1213 3010 τοῖς
1273 2932 1366 3010 εἷς
1416 2928 1727 2998 Ἡσίοδον
1785 2928 2304 3018 αναφερομένοις
2371 2932 2565 2997 ε’πεσι
2623 2936 2894 3018 φέρεται
2950 2933 3170 2996 ταῦτα

811 3035 967 3118 περὶ
1009 3036 1129 3123 τῆς
1177 3034 1594 3118 Κορωνίδος·

1023 3172 1130 3256 Τῷ
1170 3170 1285 3250 μὲν
1328 3166 1437 3254 ἄρ’
1483 3161 1651 3251 ἦλθε
1695 3165 1918 3275 κόραξ,
1919 3166 2231 3277 φράσσεν
2276 3165 2339 3229 δ’
2389 3165 2513 3249 α’ρα
2556 3164 2687 3249 ἔργ’
2736 3165 2966 3248 ἀίδηλα

1020 3234 1236 3340 Φοίβῳ
1283 3253 1691 3338 ἀκερσεκόμῃ,
1739 3250 1839 3317 ὅτ’
1891 3248 1970 3357 όίρ
2004 3253 2214 3332 ’Ἰσχυς
2257 3252 2437 3334 ἔγημε
2486 3253 2770 3335 Κορωνὶν

1006 3318 1334 3421 Εἰλατίδης
1381 3339 1669 3421 Φλεγύαο
1716 3335 2060 3420 διογνήτοιο
2104 3339 2412 3420 θύγατρα.

807 3473 909 3555 (V.
954 3474 1035 3541 de
1078 3476 1201 3542 hoe
1241 3477 1602 3561 fragmento
1647 3475 1728 3541 N.
1778 3474 2043 3559 CXXV,
2095 3474 2195 3542 ed.
2243 3476 2474 3551 nostr.)

972 3595 1051 3660 In
1108 3595 1210 3662 his
1253 3595 1466 3663 verbis
1514 3594 1899 3661 scholiastae
1941 3595 2308 3661 Boeekhius
2365 3593 2615 3678 putavit
2671 3599 2819 3677 post
2863 3589 3169 3678 θυγάτηρ

795 3686 1104 3778 Ἑρεῶπις
1160 3697 1389 3765 deesse
1447 3699 1556 3761 καὶ
1593 3690 1931 3774 εΗσίοδος,
1989 3704 2217 3781 postea
2270 3697 2339 3762 in
2398 3695 2613 3762 verbis
2665 3691 2777 3760 καὶ
2813 3687 3173 3778 Ἀρσινόης

803 3791 1051 3879 ὁμοίως
1107 3801 1311 3866 latere
1370 3801 1440 3866 in
1484 3792 1836 3882 Ἀρσινόης
1896 3818 2132 3864 nomen
2185 3797 2456 3865 alicuius
2511 3804 2763 3881 poetae.
2850 3797 2935 3862 Et
2988 3803 3167 3864 reete

802 3898 1060 3983 quidem
1101 3901 1224 3967 hoo
1264 3901 1590 3986 ultimum3
1655 3900 1992 3985 probabile
2050 3906 2146 3967 est
2201 3906 2416 3967 autem
2473 3899 2565 3966 sio
2610 3898 2942 3982 scripsisse
2984 3898 3170 3964 seho-

798 4001 1087 4068 liastam:
1145 4003 1252 4067 καὶ
1303 3996 1613 4079 Ἡσίοδος
1685 3996 1966 4084 ὅμοίως,
2021 4008 2092 4068 ut
2145 4001 2232 4067 ad
2286 4003 2456 4067 huno
2497 4008 2755 4085 poetam
2799 4000 3171 4084 pertineant

800 4122 1025 4169 versus

1136 4234 1417 4344 Ἀρσινόη
1464 4237 1531 4299 δε
1571 4245 1835 4319 μιγεῖσα
1877 4237 2037 4311 Διὸς
2080 4262 2179 4298 και
2223 4239 2489 4317 Λητοῦς
2530 4234 2654 4343 υιῷ

1146 4321 1304 4385 τίκτ’
1341 4320 1708 4404 Λσκληπιὸν
1766 4315 1902 4385 υἷον
1946 4319 2238 4404 ἀμύμονά
2288 4322 2357 4384 τέ
2396 4318 2691 4406 κρατερόν
2733 4343 2816 4384 τε.
