3499 5219
1320 433 1845 497 ——25—

410 601 790 670 vertendum
834 608 961 683 est,
1030 601 1368 667 Eobanum
1410 601 1512 667 his
1554 601 1902 667 honoribus
1944 620 2076 666 non
2118 601 2386 665 multum
2437 601 2754 682 tribuisse,

410 707 582 772 Nam
625 725 817 787 quum
845 703 1168 768 Mutianus
1196 703 1497 769 Trebelio
1537 704 1825 769 lauream
1867 703 2183 786 poeticam
2227 704 2309 768 ab
2342 703 2756 768 universitate

410 806 767 873 Erfurtensi
807 806 1214 890 impetrasset
1256 805 1659 888 eundemque
1689 806 1999 871 honorem
2027 805 2436 890 polliceretur
2462 805 2752 886 Eobano,

408 910 621 976 renuit
659 909 772 974 ille
813 907 1286 974 contumaciter.
1305 910 1349 985 ¹)
1407 908 1754 974 Enimvero
1797 907 2146 973 ambienda
2186 914 2326 973 erat
2351 908 2569 972 laurus
2600 906 2755 971 Cae-

409 1032 598 1078 sarea
610 1060 627 1093 ‚
700 1033 744 1076 a
798 1030 921 1092 quo
964 1010 1260 1077 faciendo
1304 1030 1495 1092 quam
1539 1009 1912 1092 longissime
1953 1010 2180 1076 aberat
2220 1009 2756 1093 simplicissimum

410 1115 665 1180 Eobani
728 1119 969 1197 pectus.
1069 1113 1305 1179 Verum
1360 1119 1580 1177 tamen
1629 1111 1697 1175 in
1756 1111 2054 1194 Stigelio‚
2130 1111 2237 1193 qui
2293 1112 2476 1193 quasi
2528 1110 2760 1176 haeres

411 1222 583 1282 esset
625 1215 992 1281 Eobanicae
1035 1215 1209 1298 artis,
1227 1218 1271 1293 ²)
1316 1215 1505 1281 simul
1548 1215 1886 1279 Eobanum
1902 1262 1919 1295 ‚
1985 1219 2119 1277 tum
2161 1221 2509 1295 mortuum,
2584 1232 2757 1278 coro-

412 1338 604 1384 nasse
647 1317 988 1383 Caesarem
1031 1317 1169 1382 iure
1214 1317 1339 1382 dici
1381 1321 1611 1399 potest.

584 1419 704 1484 Hic
745 1419 1029 1485 inserere
1069 1419 1248 1484 iuvat
1292 1439 1397 1500 ea,
1455 1437 1621 1500 quae
1664 1416 1987 1483 Fincelius
2033 1415 2115 1482 de
2162 1416 2512 1482 honoribus
2554 1416 2759 1499 Stige-

411 1521 605 1587 lianis
651 1520 841 1585 dixit:
887 1522 1015 1603 „Et
1055 1506 1319 1588 memini
1362 1522 1575 1589 dicere
1604 1518 1959 1602 Stigelium,
2005 1538 2077 1584 se
2112 1519 2394 1584 oblatam
2423 1519 2506 1583 ab
2537 1519 2758 1585 amicis

412 1624 813 1689 occasionem
884 1623 1238 1689 nobilitatis
1308 1621 1593 1687 noluisse
1663 1622 1947 1702 abicere,
2023 1619 2139 1686 sed
2210 1639 2352 1687 eam
2424 1629 2760 1705 praeterea

412 1725 741 1809 accepisse
784 1724 954 1806 quod
996 1725 1264 1790 haberet
1303 1724 1387 1788 ab
1431 1725 1827 1807 Imperatore
1869 1724 2188 1804 Romano,
2247 1743 2378 1788 non
2421 1744 2464 1789 a
2504 1723 2760 1789 Pontifi-

413 1826 595 1893 ciis.“
668 1826 982 1892 Videntur
1022 1826 1184 1891 haec
1228 1824 1401 1890 dicta
1443 1845 1584 1891 esse
1626 1831 1888 1908 propter
1930 1824 2258 1890 Sabinum.
2344 1826 2574 1891 Paullo
2614 1832 2761 1909 post

412 1929 623 2013 pergit
648 1928 1000 1994 Fincelius:
1047 1929 1167 2009 „In
1209 1926 1437 1993 iisdem
1482 1928 1753 1993 comitiis
1784 1926 2087 2009 Stigelius
2117 1928 2596 1994 memorabilem
2625 1948 2760 1994 rem

412 2033 640 2114 gessit,
699 2050 864 2112 quae
906 2029 1337 2095 testimonium
1381 2036 1477 2094 est
1518 2030 1817 2095 heroicae
1858 2027 2246 2094 fortitudinis
2288 2048 2557 2111 eamque
2600 2031 2761 2095 sicut

415 2132 635 2198 audivi
662 2138 1027 2197 narrantem
1057 2133 1137 2195 D.
1169 2131 1536 2215 Philippum
1568 2131 2174 2210 (Melanchthonem)
2204 2131 2506 2196 recitabo.
2583 2131 2762 2197 Sicut

413 2237 483 2300 in
529 2236 765 2301 talibus
810 2234 1230 2300 conventibus
1272 2232 1407 2299 fieri
1451 2234 1643 2315 solet,
1720 2232 2185 2298 confluentibus
2232 2233 2428 2298 variis
2451 2234 2757 2316 ·populis‚

415 2338 690 2421 Hispani
733 2355 983 2419 quoque
1024 2335 1207 2399 multi
1250 2334 1547 2417 aderant,
1595 2335 1702 2417 qui
1744 2334 1961 2400 nescio
2005 2353 2131 2416 qua
2173 2340 2439 2399 naturae
2480 2333 2630 2400 labe
2673 2335 2760 2399 ad

413 2439 718 2505 libidines
762 2444 911 2503 sunt
951 2437 1393 2521 procliviores,
1451 2456 1614 2519 gens
1657 2437 1822 2502 alias
1864 2435 2228 2519 ingeniosa,
2288 2442 2652 2519 temperans
2696 2443 2761 2503 et

414 2541 742 2609 bellicosa.
827 2538 1081 2605 Accidit
1134 2545 1349 2603 autem
1390 2544 1460 2603 ut
1499 2510 1568 2603 iil
1609 2538 1868 2623 publico
1912 2543 2110 2604 strato
2157 2536 2279 2602 duo
2322 2537 2600 2623 Hispani
2640 2539 2761 2603 for-

414 2664 662 2709 mosam
705 2641 1010 2708 feminam
1053 2642 1118 2705 vi
1168 2642 1535 2725 abriperent
1590 2640 1676 2705 ad
1728 2639 2187 2724 turpitudinem
2242 2641 2758 2724 perpetrandam.

416 2747 544 2811 Illa
585 2765 776 2828 quum
819 2744 903 2809 ab
947 2743 1217 2809 aedibus
1260 2744 1390 2809 suis
1433 2745 1690 2810 abesset
1731 2743 1986 2826 longius
2027 2762 2147 2815 nec
2189 2742 2466 2809 evadere
2522 2750 2758 2825 posset,

417 2849 731 2913 acclamat
770 2866 1009 2928 magna
1061 2846 1515 2912 vociferatione
1571 2851 2083 2929 praetereuntem
2127 2843 2462 2926 Stigelium
2476 2893 2492 2926 ‚
2567 2864 2761 2927 seque

416 2956 488 3014 ut
526 2950 757 3016 liberet
797 2947 1078 3013 lacrimis
1123 2948 1492 3014 obtestatur.
1579 2948 1701 3013 Ille
1745 2947 2060 3012 concitato
2102 2945 2317 3009 animo
2332 2993 2349 3026 ‚
2406 2946 2762 3013 honestane

418 3056 606 3132 esset,
650 3051 1032 3134 interrogat3
1104 3070 1246 3114 cum
1301 3049 1708 3131 affirmasset,
1785 3047 2000 3113 stricto
2055 3046 2273 3130 gladio
2326 3047 2395 3111 in
2438 3047 2761 3132 Hispanos

415 3152 723 3236 impetum
778 3151 929 3217 fecit
996 3151 1203 3234 iisque
1273 3151 1623 3235 profligatis
1695 3151 2030 3215 honestam
2100 3155 2484 3230 matronam,
2558 3150 2763 3215 altera

418 3275 615 3319 manu
668 3260 989 3337 arreptam
1008 3302 1025 3335 ‚
1091 3253 1178 3317 ad
1219 3253 1513 3318 maritum
1556 3239 1819 3318 adducit
1857 3250 2305 3316 incolumem.“
2393 3250 2498 3316 Sic
2540 3252 2762 3318 Fince·

416 3356 561 3422 lius.
649 3357 875 3422 Paullo
921 3355 1271 3439 simplicius
1327 3375 1462 3420 rem
1518 3355 1804 3421 narravit
1846 3352 2151 3419 Melchior
2193 3352 2431 3435 Adam,
2448 3354 2492 3430 ³)
2567 3374 2762 3436 quan-

419 3478 610 3540 quam
655 3464 718 3522 et
758 3457 864 3521 hic
907 3456 992 3522 ad
1036 3457 1151 3521 Ph.
1197 3456 1775 3537 Melanchthonem‚
1823 3456 1931 3538 qui
1970 3455 2363 3519 Ratisbonae
2405 3461 2538 3520 tum
2582 3476 2763 3539 prae·

418 3578 568 3625 sens
611 3565 763 3641 erat,
808 3565 1130 3624 auctorem
1172 3559 1383 3624 refert.
1441 3558 1788 3641 „Stigelius
1832 3557 2085 3641 vesperi
2126 3555 2440 3622 rediturus
2481 3557 2549 3621 in
2579 3578 2763 3624 suum

417 3660 766 3745 hospitium
836 3659 1061 3726 incidit
1129 3661 1198 3724 in
1268 3661 1627 3744 Hispanum
1698 3659 2122 3726 abducentem
2193 3658 2350 3722 civis
2434 3660 2763 3726 cuiusdam

419 3763 772 3845 coniugem.
873 3763 999 3827 Illa
1053 3763 1377 3828 hominem
1434 3762 1822 3828 Germanum
1879 3759 2248 3844 conspicata
2301 3767 2483 3841 rogat
2550 3763 2764 3828 verbis

419 3864 781 3931 vernaculis
834 3870 905 3928 ut
960 3883 1031 3930 se
1083 3865 1342 3946 liberet,
1419 3884 1585 3947 quae
1640 3865 1847 3929 invita
1902 3862 2202 3946 rapiatur.
2306 3861 2406 3926 Ibi
2461 3862 2763 3946 Stigelius

418 3967 706 4032 animose
749 3964 1033 4030 adoritur
1074 3964 1433 4050 Hispanum
1478 3973 1542 4031 et
1584 3967 1987 4049 apprehenso
2035 3963 2240 4045 illius,
2313 3983 2398 4028 ne
2454 3964 2764 4048 stringere

419 4062 670 4152 posset,
741 4067 991 4150 gladio,
1062 4068 1499 4133 mulierculam
1538 4068 1773 4134 liberat
1829 4074 1893 4133 et
1935 4063 2021 4131 ad
2065 4085 2212 4131 suos
2259 4063 2575 4131 deducit.“
2660 4068 2761 4133 De

556 4309 589 4369 ¹)
627 4324 671 4358 v.
710 4305 1096 4371 Kampfschulte
1131 4305 1164 4355 1.
1202 4305 1235 4356 1.
1275 4321 1322 4370 p.
1367 4308 1475 4358 105.
1615 4302 1651 4366 ²)
1699 4322 1744 4355 v.
1796 4303 1965 4356 Ioach.
2024 4301 2299 4353 Camerarii
2352 4302 2511 4352 vitam
2561 4301 2762 4353 Eobani

424 4407 466 4442 c.
504 4394 584 4444 28.
719 4392 759 4455 3)
798 4407 845 4456 p.
884 4392 999 4443 235.
