3499 5219
1111 1526 1739 1596 COMMENTATIO
1782 1527 1903 1591 DE
1944 1525 2266 1592 BACIDE
2311 1523 2826 1605 FATILOQVO.

967 1716 1232 1782 Constat
1275 1713 1692 1780 divinationis
1735 1714 1861 1780 tria
1906 1713 2103 1779 fuisse
2144 1732 2387 1796 genera
2429 1712 2604 1797 apud
2647 1711 2950 1794 Graecos,
2996 1731 3133 1775 ora·

790 1819 1095 1896 culorum,
1139 1822 1360 1881 vatum
1387 1815 1855 1897 fatiloquorum.
1921 1814 2202 1894 Quorum
2230 1834 2329 1895 ea,
2376 1834 2542 1898 quae
2567 1814 2772 1898 primo
2800 1814 2944 1879 loco
2976 1813 3129 1889 dixi,

791 1919 1048 2004 publice
1092 1922 1276 1983 erant
1316 1917 1608 1982 instituta
1622 1964 1639 1998 ,
1699 1937 1893 2000 quum
1935 1923 2118 1984 vates
2172 1923 2238 1983 et
2288 1916 2580 1999 fatiloqui
2634 1916 2940 2000 privatim
2996 1922 3127 1981 arte

795 2042 914 2087 sua
955 2026 1301 2085 uterentur.
1367 2019 1426 2084 A
1468 2018 1725 2084 vatibus
1768 2038 1941 2100 vero,
1987 2038 2102 2083 seu
2144 2015 2438 2098 μάντεσι,
2487 2018 2596 2100 qui
2627 2037 2710 2084 ex
2751 2018 2955 2101 signis
2999 2016 3126 2099 qui-

791 2121 1068 2187 busdam
1110 2119 1484 2185 animalium
1525 2120 1819 2204 inprimis
1860 2121 2109 2202 avium,
2157 2140 2237 2185 ex
2281 2120 2729 2186 sacrificiorum
2773 2119 3125 2199 eventibus,

794 2243 877 2289 ex
920 2222 1231 2307 portentis
1277 2222 1687 2304 ostentisque,
1733 2242 1876 2288 sero
1921 2222 2116 2287 etiam
2172 2241 2253 2287 ex
2297 2222 2578 2289 siderum
2630 2221 3124 2300 traiectionibus,

792 2323 1143 2391 secundum
1200 2324 1354 2389 artis
1409 2342 1565 2389 suae
1634 2323 1816 2406 leges
1868 2322 2079 2387 futura
2131 2324 2627 2406 praesagiebant
2697 2323 2779 2389 de
2834 2330 3010 2389 certa
3062 2342 3127 2387 re

793 2425 1293 2506 sciscitantibus,
1379 2425 1573 2508 longe
1645 2425 2031 2491 differebant
2100 2425 2391 2507 fatiloqui
2406 2474 2422 2507 ,
2510 2445 2625 2492 seu
2690 2421 3127 2510 χρησμολόγοι

794 2523 1245 2609 (χρησμῳδούς
1289 2525 1446 2591 dicit
1486 2527 1673 2591 Plato
1701 2527 1949 2609 Theag.
1994 2547 2058 2611 p.
2095 2531 2234 2591 124.
2263 2527 2464 2609 HSt.),
2512 2547 2776 2611 quorum
2821 2526 3128 2592 divinatio

794 2630 937 2694 sola
977 2628 1243 2694 rationis
1287 2628 1652 2695 coniectura
1694 2630 1800 2695 vel
1846 2629 2045 2694 animi
2088 2629 2364 2712 quadam
2395 2631 2821 2694 concitatione
2851 2629 3129 2695 contine-

794 2731 1003 2796 batur.
1075 2731 1160 2795 Hi
1203 2731 1373 2796 enim
1416 2730 1752 2796 sententiis
1795 2730 1929 2797 suis
1972 2752 2101 2795 non
2124 2730 2499 2814 ‚repondere
2529 2732 2824 2798 solebant
2865 2730 2980 2813 eis,
3027 2731 3131 2814 qui

730 2887 738 2895 .
793 2833 879 2898 de
902 2853 1005 2898 ·re
1059 2839 1234 2898 certa
1289 2832 1647 2916 percontati
1703 2839 1949 2915 essent,
2017 2832 2133 2898 sed
2188 2832 2392 2898 libero
2448 2833 2709 2898 arbitrio
2765 2833 2863 2898 usi
2918 2832 3131 2899 verbis

792 2934 1047 3018 scriptis
1099 2934 1168 2998 in
1222 2934 1591 3000 universum
1648 2941 1958 3000 eventura
2024 2933 2342 3017 quaedam
2396 2934 2981 3018 praenunciabant,
3052 2953 3132 3000 ex

793 3036 1107 3102 anteactis
1149 3035 1331 3118 quasi
1374 3036 1832 3118 consequentia
1873 3034 2221 3102 secundum
2265 3035 2553 3101 ordinem
2596 3036 2950 3118 seriemque
2993 3056 3134 3101 cau-

797 3157 1013 3203 sarum
1056 3137 1223 3202 inter
1265 3155 1336 3202 se
1379 3156 1707 3219 nexarum,
1753 3137 1945 3202 rebus
1988 3136 2353 3202 hominibus
2408 3137 2802 3221 temporibus
2859 3143 2924 3202 et
2977 3135 3134 3202 locis

799 3245 935 3304 tam
980 3238 1246 3303 obscure
1288 3237 1589 3304 indicatis
1602 3286 1620 3320 ,
1665 3245 1735 3303 ut
1791 3236 2150 3321 praedicta,
2210 3257 2576 3320 quanquam
2631 3240 2797 3303 ultro
2852 3239 3133 3321 citroque

795 3347 991 3421 torsa,
1035 3359 1166 3404 non
1207 3326 1719 3422 intelligerentur
1732 3340 1776 3416 ¹)
1819 3340 1944 3405 nisi
1975 3340 2059 3404 ab
2100 3339 2180 3404 iis
2210 3339 2317 3421 qui
2345 3339 2508 3406 haec
2535 3340 2843 3405 vaticinia
2871 3339 2959 3405 ad
3000 3359 3134 3406 rem

796 3446 1036 3507 certam
1089 3459 1231 3505 sero
1287 3439 1708 3524 applicarent.
1803 3442 2195 3508 Invenerunt
2247 3440 2440 3524 igitur
2492 3442 2654 3507 haec
2707 3442 3017 3507 vaticinia
3068 3448 3137 3506 ut

797 3542 1059 3607 oracula
1085 3542 1466 3625 interpretes
1495 3541 1602 3608 vel
1632 3549 1936 3625 exegetas
1963 3563 2132 3624 suos,
2164 3543 2331 3609 inter
2359 3562 2517 3626 quos
2546 3543 2849 3609 excelluit
2868 3544 3133 3627 Lampo,

800 3643 885 3708 de
940 3662 1063 3725 quo
1118 3662 1180 3707 v.
1225 3641 1484 3726 Berqlc:
1544 3641 1626 3709 de
1678 3644 1818 3710 rell.
1874 3664 2033 3710 com.
2078 3650 2191 3709 att.
2250 3665 2314 3727 p.
2359 3647 2462 3709 49.
2551 3643 2682 3710 Sed
2737 3645 3134 3711 oraculorum

798 3750 866 3809 et
907 3749 1126 3809 vatum
1177 3763 1382 3827 genus
1437 3763 1608 3809 nunc
1662 3763 1920 3828 prorsus
1960 3745 2269 3811 mittimus
2282 3795 2298 3828 ,
2358 3745 2442 3812 de
2482 3766 2609 3811 uno
2655 3765 2737 3812 ex
2790 3746 3133 3828 fatiloquis,

936 3981 973 4044 ι)
1006 3982 1248 4031 Facetum
1282 3984 1360 4030 est
1393 3980 1527 4046 quod
1561 3981 1792 4046 Raphael
1824 3981 2074 4045 Fregosus
2108 3982 2249 4033 Ictus
2294 3983 2431 4034 haud
2478 3980 2727 4047 ignobilis
2762 3982 2824 4032 de
2859 3981 3019 4032 simili
3053 3980 3135 4030 ob·

798 4066 1042 4118 scuritate
1060 4065 1229 4115 Paulli
1264 4065 1365 4115 Icti
1400 4064 1717 4116 celeberrimi
1752 4071 2055 4130 conquestus
2089 4081 2195 4115 esse
2232 4067 2444 4118 dicitur:
2482 4069 2585 4117 Iste
2609 4066 2909 4117 maledictus
2928 4065 3136 4115 Paullus

801 4165 998 4216 semper
1029 4151 1104 4200 ita
1137 4150 1346 4200 obscure
1379 4150 1633 4215 loquitur,
1667 4153 1727 4199 ut
1760 4150 1846 4199 vix
1878 4151 2043 4215 possit
2075 4150 2325 4216 intelligi,
2373 4169 2522 4217 quem
2568 4168 2661 4217 ego
2706 4152 2751 4201 si
2797 4151 3035 4201 haberem
3080 4150 3134 4198 in

800 4234 1035 4286 manibus
1063 4253 1158 4302 per
1191 4235 1402 4302 capillos
1435 4234 1815 4298 interrogarem.
1884 4234 1947 4285 V.
1982 4236 2265 4299 Hamanni,
2309 4238 2434 4287 item
2473 4238 2934 4302 integumentorum
2970 4249 3138 4284 amau·

801 4320 1004 4384 tissimi,
1042 4320 1132 4385 qui
1166 4336 1218 4369 se
1248 4319 1358 4384 ipse
1385 4319 1517 4369 dixit
1532 4318 1738 4383 Magum
1759 4320 1960 4386 Septem
1978 4320 2236 4385 Trionum‚
2274 4322 2478 4387 Scripta
2500 4321 2555 4371 Τ.
2577 4322 2645 4371 11.
2672 4337 2720 4387 p.
2743 4323 2858 4373 170.
2887 4318 2963 4371 ed.
2983 4319 3132 4370 Both.
