3499 5219
1190 1574 1932 1654 PROLOGUS

387 1764 576 1824 QUEM
619 1747 925 1813 SENA‘rus
968 1765 1156 1813 mssu
1197 1764 1439 1811 nmnrr
1483 1745 2018 1830 Gossmmems,
2074 1766 2166 1814 no
2220 1767 2370 1815 11>so
2422 1769 2541 1817 mn
2583 1770 2723 1830 Quo

385 1851 436 1914 Ι.
482 1849 550 1915 C.
592 1850 673 1915 Ἀ.
719 1852 1175 1915 ΕιοΗεΤΑῡῙυε
1230 1867 1304 1914 m
1357 1867 1537 1915 AULA
1591 1866 1986 1915 AcADEch
2043 1867 2390 1917 onA‘noun
2433 1871 2724 1922 mmmm:

538 1969 979 2018 CELEBRABAT
1018 1969 1670 2029 QquUAeENNAmA
1716 1968 1928 2017 SACRA
1970 1968 2414 2020 noc‘ronA'ms
2456 1971 2581 2021 sm.

550 2140 788 2204 Raram
830 2137 1025 2205 hodie
1065 2136 1435 2205 felicitatem
1478 2137 1664 2204 nobis
1705 2136 2151 2219 testificamini,
2201 2137 2374 2205 cives
2416 2139 2726 2223 hospites-

383 2241 537 2322 que!
623 2240 971 2306 Convocati
1029 2241 1182 2307 estis
1237 2246 1308 2304 ut
1374 2240 1963 2322 quinquagennalia
2025 2260 2209 2305 sacra
2265 2242 2724 2321 concelebretis

379 2342 498 2406 viri
569 2342 744 2426 apud
814 2363 934 2408 nos
1006 2350 1069 2409 et
1123 2340 1299 2426 apud
1354 2348 1606 2408 exteros
1661 2342 2118 2423 laudatissimi,
2193 2342 2452 2409 Henrici
2513 2342 2729 2409 Caroli

380 2444 733 2510 Abrahami
777 2443 1151 2511 Eichstadii.
1237 2444 1554 2510 Lauream
1611 2443 1814 2526 enim,
1874 2464 2000 2527 qua
2055 2444 2178 2509 hoc
2232 2445 2372 2527 ipso
2424 2444 2529 2511 die
2572 2452 2724 2512 ante

384 2545 603 2613 decem
658 2547 860 2614 lustra
912 2546 1135 2630 Lipsia
1189 2565 1334 2612 eum
1390 2545 1961 2630 condecoraverat,
2036 2566 2226 2629 quam
2292 2546 2363 2612 in
2418 2547 2724 2615 honorem

379 2648 569 2714 huius
615 2650 744 2716 diei
786 2669 927 2714 cum
963 2648 1215 2731 magnis
1244 2648 1543 2714 laudibus
1570 2648 1970 2732 instauravit,
2013 2670 2146 2714 non
2175 2649 2501 2716 exaruisse
2528 2651 2722 2734 longo

377 2756 665 2835 tempore
722 2752 838 2817 sed
892 2750 1124 2817 laetius
1182 2750 1374 2817 etiam
1428 2750 1773 2832 virescere,
1831 2751 2003 2833 ipse,
2076 2770 2264 2835 quem
2316 2760 2721 2834 praesentem

375 2852 639 2934 videtis,
702 2853 887 2919 docet
941 2852 1382 2919 ornatissimus
1437 2872 1665 2933 seneX,
1725 2852 1904 2917 cuius
1958 2850 2169 2916 adhuc
2223 2871 2436 2935 genua
2489 2854 2719 2936 virent,

375 2975 557 3020 coma
601 2956 774 3020 omni
816 2952 1074 3021 canitiei
1107 2955 1503 3021 adversatur.
1575 2955 1736 3018 Tam
1765 2959 2060 3035 vegetam
2090 2953 2283 3035 igitur
2309 2961 2718 3038 senectutem,

375 3064 509 3124 tam
552 3057 713 3124 forte
756 3065 949 3139 atque
989 3057 1272 3123 iuvenile
1315 3063 1536 3139 pectus
1580 3075 1773 3137 quum
1815 3075 1947 3119 non
1989 3053 2340 3120 verendum
2386 3063 2583 3138 esset,
2634 3076 2721 3123 ne

374 3160 637 3243 publica
679 3159 1080 3226 caeremonia
1121 3159 1227 3224 vel
1271 3156 1736 3240 aliquantisper
1782 3155 2302 3238 labefactaretur,
2358 3157 2720 3240 praedicari

342 3263 444 3326 ·in
487 3269 668 3327 tanta
708 3267 991 3327 vestrum
1011 3343 1015 3348 ,
1032 3259 1408 3342 frequentia,
1455 3266 1525 3324 ut
1566 3258 1880 3324 laetitiam
1923 3278 2105 3324 suam
2151 3256 2526 3340 declararet,
2573 3280 2720 3325 con-

374 3364 578 3429 stituit
620 3363 894 3429 Senatus
937 3360 1341 3428 academicus
1389 3360 1566 3426 cuius
1619 3360 1762 3444 ipse
1804 3360 2213 3426 Eichstadius
2267 3361 2566 3444 princeps
2623 3368 2722 3427 est

375 3465 773 3548 experientia
814 3470 1008 3546 atque
1050 3470 1281 3529 aetate.

542 3567 683 3648 Ego
725 3585 910 3648 vere,
972 3564 1073 3629 cui
1126 3564 1499 3646 mandatum
1545 3571 1642 3631 est
1682 3564 1806 3630 hoc
1849 3562 2262 3629 honorificum
2305 3583 2533 3629 munus
2578 3584 2719 3647 per-

370 3666 599 3732 orandi
644 3666 726 3733 de
768 3667 1010 3733 meritis
1054 3666 1320 3732 oratoris
1361 3671 1619 3732 nostrae
1648 3665 2039 3749 academiae,
2084 3664 2262 3731 haud
2302 3665 2542 3732 invitus
2586 3685 2718 3732 sus-

370 3770 532 3853 cepi,
580 3789 961 3851 quanquam,
1007 3788 1198 3851 quam
1228 3767 1538 3833 lubricum
1573 3775 1761 3850 esset,
1806 3774 2210 3852 praesentem
2254 3766 2539 3849 laudare,
2585 3788 2718 3833 non

368 3870 767 3953 ignorabam.
865 3871 1052 3935 Duae
1125 3870 1295 3937 enim
1364 3870 1618 3936 fuerunt
1674 3888 1939 3952 causae,
2014 3889 2123 3935 cur
2182 3870 2365 3953 quasi
2421 3876 2715 3936 naturam

366 3974 690 4039 vincerem
746 3977 810 4038 et
863 3972 1255 4038 adulationis
1309 3978 1527 4036 notam
1597 3972 1775 4055 apud
1827 3971 2188 4055 imperitam
2242 3971 2713 4037 multitudinem

365 4075 581 4141 subire
623 4094 755 4140 non
795 4093 1121 4157 gravarer.
1206 4072 1555 4139 Plurimum
1611 4074 1805 4157 igitur
1858 4073 2034 4158 apud
2087 4093 2193 4140 me
2243 4072 2449 4138 valuit
2502 4090 2709 4138 omen.

366 4176 538 4243 Ante
589 4175 711 4243 hos
767 4176 936 4243 enim
992 4174 1270 4259 vinginti
1324 4175 1603 4258 quinque
1658 4195 1864 4241 annos
1879 4223 1897 4258 ‚
1955 4195 2149 4258 quum
2205 4193 2410 4241 essem
2460 4172 2713 4242 auditor

368 4276 726 4344 Eichstadii
739 4326 758 4361 ,
844 4278 986 4362 ipse
1069 4284 1283 4343 autem
1368 4278 1584 4344 senior
1658 4277 1964 4360 magister
2033 4276 2239 4343 fasces
2308 4274 2711 4341 academicos

369 4398 510 4445 cum
567 4400 804 4463 magna
857 4378 1053 4445 laude
1116 4386 1250 4445 tum
1306 4386 1520 4461 gestos
1577 4377 1860 4445 traderet
1913 4377 2290 4459 successori,
2362 4378 2608 4460 gratiae
2670 4397 2712 4442 a

2244 4478 2308 4531 8*
