3499 5219
1703 463 1819 470 —-
1932 434 2050 496 108
2136 466 2273 474 ---

986 598 1174 664 Scitis
1216 599 1425 681 igitur,
1474 597 1662 664 Cives
1705 599 2169 680 humanissimi,
2217 600 2356 681 quis
2396 600 2626 664 Rector
2669 599 2752 665 sit
2793 600 2982 664 huius
3013 600 3161 664 Vni-

817 702 1154 782 versitatis,
1202 708 1266 766 et
1308 702 1408 766 cui
1452 700 1809 784 parendum
1854 701 1954 765 sit.
2044 701 2182 766 Iam
2227 721 2378 767 vero
2434 700 2656 783 paucis
2709 701 3159 784 exponendum

818 805 967 883 erit,
1030 802 1182 885 quid
1239 803 1322 867 sit
1364 804 1595 868 Rector
1638 803 2089 869 Vniversitatis
2145 809 2423 867 nostrae.
2514 803 2681 868 Nam
2738 823 2863 884 quo
2914 803 3159 869 facilius

817 903 951 971 fleri
1004 906 1239 987 potuit,
1298 912 1369 969 ut
1409 905 1573 987 Vos,
1633 905 1741 986 qui
1799 904 1966 968 ultra
2020 904 2363 969 triennium
2418 925 2550 969 non
2593 907 2947 971 consuestis
2990 907 3158 990 apud

816 1027 934 1071 nos
978 1007 1241 1089 degere,
1285 1007 1638 1073 litterarum
1683 1007 1911 1072 studiis
1956 1005 2189 1088 dediti,
2234 1026 2320 1072 ne
2361 1007 2560 1071 verbo
2604 1006 2860 1089 quidem
2902 1028 3158 1091 accepe-

814 1109 987 1189 ritis,
1047 1110 1379 1174 Rectorem
1423 1129 1541 1174 nos
1585 1110 1858 1190 habere,
1916 1108 2041 1173 nisi
2095 1107 2164 1172 id
2216 1109 2376 1173 forte
2420 1108 2621 1174 Vobis
2662 1109 3011 1175 innotuerit
3051 1130 3161 1192 per

817 1209 1173 1294 diplomata
1229 1218 1293 1277 et
1350 1211 1596 1276 litteras
1641 1211 1964 1294 publicas,
2027 1230 2186 1292 quas
2244 1210 2532 1276 emittere
2588 1209 2942 1276 identidem
3003 1212 3160 1276 solet

816 1312 1167 1396 academia,
1223 1333 1298 1379 eo
1343 1313 1687 1397 proclivius
1729 1319 1868 1378 erat
1911 1311 2296 1394 existimare,
2342 1313 2696 1395 Rectorem,
2753 1332 2941 1394 quem
2985 1334 3158 1397 prae·

818 1422 1063 1481 sentem
1107 1402 1297 1481 nemo
1341 1415 1635 1481 Vestrum
1678 1413 1979 1495 vidisset,
2040 1414 2223 1496 quasi
2282 1414 2572 1479 umbram
2628 1434 2705 1479 ac
2755 1415 3157 1480 simulacrum

820 1537 961 1583 esse
1006 1520 1141 1583 eius
1185 1519 1334 1599 viri,
1395 1518 1502 1600 qui
1546 1538 1663 1600 pro
1706 1518 1976 1581 Rectore
2018 1536 2122 1580 res
2165 1522 2416 1580 nostras
2458 1516 2824 1582 moderatur
2869 1524 2932 1583 et
2977 1538 3159 1600 quem

817 1628 1222 1703 praesentem
1291 1626 1483 1701 atque
1547 1618 1839 1684 semestri
1904 1618 2045 1683 vice
2109 1619 2535 1684 alternantem
2601 1638 2814 1683 coram
2881 1621 3160 1685 contueri

818 1722 1143 1788 solebatis.
1233 1724 1311 1786 In
1356 1741 1569 1786 errore
1612 1719 1991 1802 versamini,
2051 1718 2238 1785 Cives
2282 1720 2744 1785 humanissimi.
2832 1722 2951 1786 Est
2995 1722 3160 1787 enim

819 1831 1186 1906 rectoratus,
1234 1822 1410 1905 quali
1451 1842 1622 1887 nunc
1666 1822 1923 1904 quidem
1969 1822 2219 1903 utimur,
2264 1829 2333 1886 ut
2374 1843 2502 1887 uno
2546 1823 2743 1889 verbo
2785 1842 2922 1888 rem
2966 1831 3158 1888 totam

816 1925 1372 2011 comprehendam,
1420 1945 1629 1990 rerum
1673 1924 2047 1990 academiae
2088 1924 2512 2006 gerendarum
2555 1925 2919 1990 auctoritas.
2987 1925 3159 2004 Quae

819 2029 1165 2098 auctoritas
1209 2027 1437 2110 quibus
1479 2026 1677 2090 initiis
1722 2033 1946 2091 exorta
1987 2027 2070 2091 sit
2112 2033 2177 2092 et
2219 2046 2384 2108 quae
2426 2026 2731 2110 deinceps
2772 2027 3161 2093 incrementa

817 2132 991 2216 apud
1034 2150 1152 2194 nos
1196 2129 1452 2212 ceperit,
1498 2128 1779 2193 breviter
1821 2148 1990 2192 nunc
2032 2148 2332 2194 enarrare
2360 2129 2627 2211 iuvabit,
2672 2136 2740 2194 ut
2767 2128 3158 2211 intelligatis,

824 2236 1016 2316 longe
1058 2232 1221 2297 alios
1251 2251 1395 2297 esse
1437 2232 1739 2296 Rectores
1784 2232 1892 2312 qui
1933 2250 2104 2295 nunc
2155 2236 2332 2311 sunt,
2393 2250 2583 2313 quam
2643 2251 2784 2313 eos,
2845 2233 2953 2313 qui
3013 2231 3159 2295 olim

815 2336 1089 2402 fuerunt.

991 2438 1086 2501 Ac
1129 2436 1403 2520 primum
1447 2435 1728 2499 omnium
1771 2441 2051 2516 constat,
2109 2437 2411 2501 Rectores
2453 2435 2957 2502 Vniversitatum
3009 2455 3162 2517 quos

821 2540 1119 2621 dicimus,
1180 2539 1261 2602 ab
1319 2537 1501 2601 initio
1550 2535 1711 2601 nihil
1757 2535 1952 2602 fuisse
1995 2536 2173 2601 aliud
2218 2556 2408 2620 quam
2449 2537 2695 2603 iudices
2738 2537 3161 2622 professorum

823 2650 885 2709 et
929 2641 1353 2707 studiosorum
1397 2640 1772 2719 litterarum,
1821 2639 1946 2721 qui,
1994 2660 2191 2722 quum·
2216 2639 2510 2706 advenae
2540 2647 2754 2707 essent
2785 2660 2864 2705 ex
2892 2641 3164 2706 diversis

820 2743 1205 2827 regionibus,
1252 2742 1369 2806 tali
1411 2741 1811 2806 immunitate
1854 2749 2047 2823 atque
2088 2743 2291 2807 tutela
2334 2743 2641 2826 peculiari
2684 2743 2942 2808 omnino
2988 2743 3164 2826 digni

822 2866 963 2911 esse
1006 2845 1408 2910 videbantur.
1498 2844 1645 2907 Non
1700 2843 1912 2908 minus
1968 2851 2218 2909 constat
2260 2844 2428 2908 hanc
2468 2844 2971 2911 iurisdictionem
3017 2839 3166 2911 Ger-

818 2947 1085 3012 manicis
1129 2954 1193 3012 et
1226 2945 1733 3028 Longobardicis
1764 2946 2298 3011 Vniversitatibus
2342 2946 2424 3010 ab
2456 2948 2850 3030 Imperatore
2878 2949 3165 3012 Romano

822 3049 1041 3114 datam
1087 3069 1256 3130 esse,
1318 3068 1462 3114 eum
1503 3048 1572 3112 in
1613 3047 1837 3129 finem,
1895 3055 1964 3113 ut
2007 3049 2089 3113 ab
2133 3049 2511 3129 aequalibus
2552 3048 2985 3114 iudicarentur
3027 3050 3163 3129 viri,

820 3151 927 3234 qui
971 3171 1040 3215 se
1082 3151 1309 3216 litteris
1356 3149 1716 3231 dedissent,
1769 3171 1901 3215 non
1946 3150 2029 3215 ab
2073 3137 2552 3232 magistratibus
2595 3152 2877 3217 urbanis.
2964 3151 3167 3216 Huius

820 3259 1031 3318 autem
1090 3255 1425 3317 Rectorum
1491 3252 1743 3334 imperii
1803 3287 1883 3297 —-
1942 3253 2035 3317 ita
2107 3252 2277 3318 enim
2350 3253 2609 3319 nomine
2679 3271 2831 3318 vere
2901 3271 3165 3318 romano

819 3354 1029 3420 dicere
1063 3355 1284 3419 licebit
1324 3389 1414 3400 —
1455 3355 1639 3435 signa
1683 3360 1866 3418 erant
1909 3362 2162 3438 sceptra
2205 3375 2318 3420 seu
2359 3355 2587 3436 fasces,
2633 3361 2701 3419 ut
2742 3374 2911 3420 nunc
2958 3354 3166 3420 dicere

821 3457 1115 3523 solebant
1154 3458 1510 3520 imitatores
1552 3456 2014 3540 Romanorum
2067 3456 2357 3522 additum
2400 3456 2566 3522 adeo
2611 3461 2709 3522 est
2751 3454 3166 3539 paludamen-

819 3565 970 3639 tum,
1031 3579 1143 3623 seu
1185 3558 1455 3640 pallium
1501 3576 1906 3640 purpureum,
1958 3558 2132 3640 quod
2174 3557 2343 3622 tradi
2386 3559 2637 3624 solebat
2678 3558 3165 3641 imperatoribus

820 3661 1101 3724 romanis
1156 3660 1225 3723 in
1285 3658 1598 3740 proelium
1656 3660 2067 3740 exeuntibus,
2142 3679 2227 3725 ne
2299 3661 2454 3743 quid
2527 3661 2719 3725 etiam
2777 3661 2883 3724 hic
2942 3659 3164 3726 deesse

817 3760 1138 3826 videretur
1180 3759 1500 3824 maiestati
1541 3760 1792 3843 imperii
1836 3761 2206 3826 academici.
2295 3762 2464 3841 Quin
2508 3769 2707 3826 totum
2748 3780 2982 3844 corpus
3025 3779 3165 3826 aca-

820 3861 1134 3928 demicum
1205 3867 1465 3944 propter
1530 3862 1650 3926 hoc
1706 3864 1888 3943 quasi
1945 3865 2220 3930 militare
2274 3864 2610 3948 imperium
2667 3864 3163 3928 commilitonum

816 3964 1075 4030 nomine
1118 3962 1796 4045 comprehendebatur.
1872 3968 1973 4031 Ex
2016 3967 2119 4032 his
2161 3973 2374 4032 autem
2418 3966 2618 4049 signis
2660 3965 2911 4049 imperii
2956 3965 3164 4031 existi·

816 4086 993 4132 mare
1035 4066 1216 4145 licet,
1273 4066 1493 4146 quanti
1535 4072 1669 4130 tum
1714 4069 2020 4150 temporis
2064 4069 2406 4133 haberetur
2447 4068 2799 4133 iurisdictio
2843 4068 3163 4133 Vniversi-

817 4175 1018 4233 tatum
1064 4167 1423 4251 peculiaris,
1468 4187 1509 4231 a
1550 4167 1986 4234 iurisdictione
2029 4170 2277 4235 urbana
2310 4171 2616 4236 seiuncta.
2692 4170 2964 4253 Saepius
2992 4170 3161 4235 enim

815 4271 978 4336 haec
1020 4268 1400 4347 iurisdictio,
1460 4289 1649 4351 quam
1706 4289 1878 4335 nunc
1935 4269 2191 4353 quidem
2245 4291 2477 4354 graeco
2520 4271 2746 4351 verbo,
2804 4271 2906 4335 cui
2949 4278 3162 4338 tamen

818 4372 1063 4435 novitia
1118 4369 1432 4452 quaedam
1488 4371 1695 4436 indita
1751 4372 2128 4455 significatio
2189 4379 2316 4454 est,
2388 4373 2653 4438 dicimus
2710 4371 3160 4454 academicam,
