3499 5219
408 316 608 435 &A
641 316 906 441 aad
951 322 1330 461 ‘Q'

573 574 588 592 .
659 533 726 620 j
775 482 893 585 -ζ
970 508 1264 641 Vama„
1306 494 1652 618 AZ‘-
1701 492 2673 639 ‘QssffsM-TZ

333 1625 453 1688 DE
512 1620 732 1689 LOCO
788 1624 872 1692 M.
918 1622 1336 1688 TERENTII
1394 1621 1826 1690 VARRONIS
1882 1625 2000 1690 DE
2056 1627 2170 1691 RE
2227 1627 2469 1693 RUST.
2515 1630 2565 1710 Ι,
2615 1635 2672 1695 2.

668 1723 821 1802 QUI
864 1726 982 1790 DE
1026 1723 1671 1790 ROGATIONIBUS
1717 1725 2070 1793 LICINIIS
2114 1729 2345 1793 AGIT.

510 1912 594 1976 Μ.
652 1912 911 1976 Furium
971 1910 1310 1977 Camillum
1325 1959 1342 1993 ,
1411 1911 1587 1977 cuius
1644 1912 1835 2004 ductu
1887 1915 2296 1998 auspicioque
2351 1917 2528 1981 velut
2588 1916 2671 1982 ab

330 2014 638 2097 stirpibus
693 2013 924 2078 laetius
979 2020 1205 2078 renata
1246 2014 1677 2079 Romanorum
1730 2015 2095 2098 respublica
2139 2022 2264 2098 est,
2324 2017 2672 2083 secundum

332 2137 376 2181 a
416 2118 687 2180 Romulo
734 2115 1126 2181 conditorem
1171 2115 1345 2181 urbis
1387 2115 1641 2181 fuerunt
1684 2116 1792 2198 qui
1837 2117 2138 2182 dicerent.
2218 2120 2302 2183 Et
2341 2126 2513 2186 recte
2542 2121 2675 2202 qui-

334 2218 503 2300 dem,
550 2217 605 2282 si
647 2217 856 2300 patria
901 2237 981 2281 ex
1026 2216 1359 2283 ohsidione
1409 2218 1686 2284 hostium
1714 2226 2108 2302 recuperata,
2154 2221 2209 2285 si
2235 2221 2444 2303 gloria
2473 2241 2674 2295 armo-

331 2341 493 2401 rum,
540 2339 655 2402 per
697 2325 1013 2385 trecentos
1058 2319 1394 2402 sexaginta
1423 2340 1628 2386 annos
1657 2321 2007 2385 victricium
2049 2321 2356 2403 restituta,
2403 2322 2458 2387 si
2486 2330 2675 2388 aucta

331 2430 584 2505 patrum
644 2428 927 2505 potestas
983 2422 1065 2494 M.
1124 2422 1316 2486 Furio
1386 2422 1521 2487 iure
1587 2423 1989 2487 adscribitur.
2077 2423 2208 2488 Sed
2275 2425 2382 2505 qui
2447 2445 2673 2490 causas

329 2543 541 2589 rerum
584 2522 762 2587 videt
804 2542 1147 2605 earumque
1190 2543 1563 2606 progressus
1608 2531 1671 2589 et
1712 2525 2187 2591 antecessiones
2228 2545 2360 2590 non
2402 2525 2672 2609 ignorat,

332 2626 394 2691 ei
448 2646 579 2691 non
632 2633 764 2689 tam
819 2645 1218 2691 communem
1273 2627 1494 2709 populi
1549 2627 1913 2693 libertatem
1930 2677 1946 2710 ,
2001 2648 2176 2711 quae
2232 2628 2676 2695 continebatur

330 2728 789 2810 aequabilitate
832 2728 984 2792 iuris
1026 2734 1278 2810 patrum
1324 2735 1387 2793 et
1428 2729 1655 2812 plebiS,
1703 2750 1893 2812 quam
1936 2730 2271 2813 pristinam
2327 2752 2673 2813 paucorum

334 2829 834 2895 dominationem
879 2849 1216 2895 revocasse
1260 2830 1566 2896 Camillus
1609 2832 1949 2897 videbitur.
2037 2834 2260 2913 Longe
2302 2832 2494 2914 igitur
2538 2832 2675 2915 dig-

331 2933 545 2997 niores
600 2931 806 3013 gloria
849 2932 931 2996 M.
990 2931 1268 2996 Manlius
1313 2932 1741 3015 Capitolinus,
1803 2933 2010 3017 plebis
2054 2939 2388 3015 patronus,
2448 2940 2511 2998 et
2566 2936 2674 3016 qui

330 3034 520 3098 huius
577 3033 823 3098 cineres
879 3033 1315 3115 rogationibus
1382 3034 1511 3100 suis
1553 3036 1723 3099 ultus
1769 3041 1865 3100 est
1907 3035 2413 3115 generosissime,
2462 3054 2673 3116 quem-

330 3155 456 3217 que
511 3134 720 3219 plebis
787 3134 1000 3217 potius
1066 3135 1386 3200 vindicem
1447 3136 1889 3217 libertatisque
1955 3137 2090 3201 eius
2155 3136 2548 3201 conditorem
2611 3145 2674 3202 et

329 3245 655 3302 strenuum
710 3243 1090 3302 assertorem
1146 3237 1370 3302 merito
1428 3237 1774 3303 dixerimus
1820 3237 1888 3303 O.
1944 3237 2227 3302 Licinius
2269 3238 2466 3302 Stolo.
2552 3238 2673 3303 Hic

331 3339 500 3402 enim
547 3358 688 3402 cum
734 3340 807 3402 L.
840 3338 1058 3404 Sextio
1105 3340 1394 3405 tribunus
1424 3341 1630 3423 plebis
1675 3360 1867 3422 quum
1911 3346 2097 3419 esset,
2144 3359 2260 3421 per
2303 3339 2427 3403 duo
2471 3341 2674 3404 lustra

325 3438 652 3505 indefessa
695 3433 893 3523 opera
930 3441 1001 3505 id
1045 3441 1307 3507 tandem
1352 3445 1680 3507 assecutus
1729 3450 1843 3522 est,
1891 3447 1989 3522 ut,
2052 3442 2197 3523 lege
2255 3440 2336 3505 de
2380 3441 2670 3506 creandis

327 3540 600 3604 tribunis
642 3542 1024 3609 militaribus
1067 3544 1388 3609 consulari
1431 3551 1747 3626 potestate
1791 3544 2117 3624 abrogata,
2165 3544 2457 3609 consules
2502 3563 2671 3608 crea-

328 3648 566 3723 rentur,
614 3662 877 3724 quorum
921 3646 1138 3727 utique
1182 3647 1346 3711 alter
1390 3666 1470 3711 ex
1512 3646 1704 3728 plebe
1749 3651 1936 3711 esset.
2025 3644 2188 3710 Inde
2230 3665 2435 3710 novus
2464 3665 2670 3709 rerum

329 3744 486 3808 ordo
536 3764 828 3827 exorsus,
890 3747 995 3828 qui
1040 3768 1170 3812 non
1229 3750 1435 3813 solum
1490 3748 1906 3829 imperatores
1965 3767 2044 3812 ex
2088 3747 2279 3830 plebe
2325 3755 2388 3811 et
2430 3746 2674 3812 fortiter

328 3846 548 3911 hostes
593 3847 849 3913 vincere
894 3855 957 3914 et
1000 3850 1238 3932 optime
1280 3837 1636 3932 gubernare
1684 3849 2144 3931 rempublicam
2188 3867 2377 3932 posse
2422 3855 2485 3914 et
2529 3868 2672 3914 con-

328 3954 619 4014 temnere
658 3948 920 4032 impune
964 3951 1371 4033 patriciorum
1414 3951 1701 4034 auspicia
1744 3952 2354 4033 superstitionesque
2369 3997 2385 4030 ,
2446 3950 2672 4033 quibus

326 4050 578 4114 animos
633 4049 961 4116 hominum
1017 4054 1322 4137 tanquam
1366 4052 1613 4134 laqueis
1658 4058 2026 4134 tenuerant,
2073 4051 2539 4118 demonstraret
2579 4053 2671 4115 lu-

326 4150 780 4234 culentissime,
827 4152 943 4217 sed
988 4154 1182 4219 etiam
1223 4156 1653 4220 Romanorum
1698 4155 1939 4220 saeculi
1980 4174 2132 4219 vere
2175 4154 2412 4219 heroici
2447 4175 2671 4239 oppor-

328 4260 485 4318 tuna
528 4255 866 4336 praeberet
909 4254 1111 4320 initia.
1202 4256 1269 4321 O.
1316 4262 1528 4321 autem
1573 4256 1857 4322 Licinius
1900 4263 2028 4321 tres
2070 4262 2319 4320 tantum
2363 4256 2445 4320 ab
2488 4257 2670 4321 initio

326 4355 695 4437 rogationes
749 4358 1214 4440 promulgarat,
1280 4378 1474 4423 unam
1534 4357 1616 4422 de
1657 4377 1809 4424 aere
1851 4358 2096 4439 alieno,
2153 4363 2223 4421 ut
2279 4356 2548 4423 deducto
2594 4377 2669 4423 6ο
