3499 5219
1671 452 2196 513 ——14--

929 623 1009 686 In
1040 639 1116 685 eo
1147 625 1482 700 conventu,
1517 619 1624 701 qui
1653 618 1909 695 habitus
1941 624 2040 683 est
2066 617 2143 681 A.
2176 617 2633 683 MDXXXVII
2661 637 2861 683 mens.
2895 619 3103 701 Febr„

759 745 904 789 cum
947 723 1286 788 Francisco
1330 719 1654 785 Burcardo
1696 720 1983 785 interfuit
2026 720 2216 785 etiam
2248 719 2570 801 Stigelius‚
2617 738 2805 800 quem
2848 741 3107 804 magno—

760 846 915 910 pere
958 824 1268 907 diligebat
1311 822 1706 887 Franciscus.
1807 823 2035 887 Secum
2091 820 2273 886 duxit
2315 820 2649 903 Stigelium
2664 869 2681 903 ‚
2755 822 2926 904 quod
2967 844 3107 890 mos

757 937 909 993 tunc
965 933 1103 993 erat
1158 932 1381 1009 poetas
1437 923 1521 988 ad
1578 924 1864 1003 comitia,
1939 930 2242 1004 tanquam
2316 920 2402 985 ad
2472 921 2659 987 ludos
2716 922 3104 1009 Olympicos,

757 1032 983 1097 accire.
1071 1028 1305 1093 Postea
1359 1026 1646 1090 hortatus
1703 1032 1801 1091 est
1856 1031 2111 1109 poetam
2155 1030 2224 1089 ut
2265 1042 2396 1106 res,
2472 1043 2635 1106 quae
2680 1024 3106 1093 Smalcaldiae

757 1139 978 1215 gestae
1023 1135 1254 1210 essent,
1302 1128 1581 1192 carmine
1627 1125 2030 1193 describeret.
2120 1124 2307 1205 Quod
2349 1127 2461 1191 ille
2506 1133 2762 1192 strenue
2806 1135 3106 1195 executus

758 1242 885 1316 est,
905 1236 946 1310 ¹)
1022 1238 1357 1316 postquam
1400 1230 1528 1294 alio
1573 1230 1853 1294 carmine
1868 1229 1912 1305 2)
1958 1235 2023 1294 et
2065 1249 2141 1294 eo
2186 1227 2444 1309 quidem
2489 1228 2774 1311 egregie,
2847 1231 3105 1296 nomine

759 1335 1142 1402 Germaniae
1185 1332 1599 1412 christianae,
1657 1332 2074 1396 Mantuanum
2118 1330 2454 1395 concilium
2469 1330 2514 1405 ³)
2573 1331 2847 1396 Iohanni
2889 1332 3106 1398 Fride-

756 1439 885 1503 rico
945 1437 1351 1502 dissuaserat.
1438 1433 1534 1497 Ac
1590 1432 2021 1498 Smalcaldiae
2078 1439 2208 1496 tum
2270 1430 2434 1496 forte
2489 1432 2685 1497 etiam
2739 1432 2966 1499 aderat
3020 1436 3099 1499 H.
3175 1442 3178 1443 ’

758 1541 1062 1606 Eobanus
1106 1539 1349 1602 Hessus
1365 1584 1380 1617 ,
1440 1536 1509 1599 in
1554 1534 1732 1599 cuius
1775 1535 2065 1599 notitiam
2108 1539 2241 1597 tum
2286 1533 2559 1617 primum
2603 1535 2860 1600 venisse
2903 1536 3105 1619 Stige·

754 1643 914 1707 lium
972 1640 1132 1705 dixit
1189 1640 1240 1704 Ι.
1302 1635 1720 1702 Camerarius.
1738 1639 1782 1713 ⁴)
1882 1635 2214 1701 Erravisse
2273 1635 2704 1701 Camerarium
2760 1638 2968 1704 elucet
3023 1658 3104 1704 ex

754 1745 833 1810 iis
877 1763 1041 1826 quae
1083 1742 1300 1824 paullo
1345 1746 1538 1803 antea
1582 1737 1888 1820 diximus3
1933 1738 2136 1819 magis
2165 1736 2234 1801 id
2264 1738 2454 1802 etiam
2485 1746 2755 1821 apparet
2783 1758 2865 1805 ex
2894 1741 3105 1823 elegia

755 1866 948 1929 quam
989 1845 1058 1909 in
1101 1844 1242 1928 ipso
1287 1847 1606 1906 conventu
1641 1837 2069 1905 Smalcaldico
2112 1839 2198 1904 ad
2241 1840 2576 1905 Eobanum
2621 1842 2875 1926 scripsit
2902 1842 3104 1925 Stige-

752 1949 897 2013 lius.
914 1948 958 2024 5)
1045 1944 1468 2011 Inveniuntur
1508 1941 1599 2006 ibi
1641 1942 1711 2006 hi
1753 1940 2080 2005 versiculi:

1166 2133 1377 2192 Totam
1419 2130 1671 2191 sollicito
1716 2129 2034 2206 peragravi
2080 2128 2361 2189 Chalcida
2374 2128 2418 2203 6)
2463 2149 2694 2210 gressu,

1247 2219 1338 2276 De
1379 2221 1439 2276 te
1485 2216 1587 2292 qui
1630 2219 1832 2292 posset
1876 2214 2072 2274 dicere
2116 2233 2286 2274 nemo
2331 2213 2460 2274 fuit.

1158 2304 1434 2380 Ignotum
1475 2301 1656 2360 miror
1697 2304 1757 2359 te
1801 2299 1914 2359 hac
1958 2299 2105 2359 urbe
2152 2301 2338 2358 latere
2381 2303 2635 2380 poetam,

1246 2386 1433 2461 Quem
1475 2385 1639 2445 novit
1680 2384 1850 2444 nitidi
1893 2383 2035 2444 solis
2078 2388 2392 2460 utrumque
2438 2384 2607 2444 latus.

1159 2473 1241 2532 At
1283 2473 1421 2532 dum
1462 2475 1522 2531 te
1567 2488 1812 2548 quaem,
1856 2473 1959 2529 tua
2004 2470 2141 2529 dum
2182 2469 2436 2546 vestigia
2478 2470 2665 2530 lustro

1242 2559 1390 2618 Esse
1435 2556 1608 2616 aulae
1652 2555 1864 2615 misero
1909 2558 2118 2633 captus
2162 2573 2359 2615 amore
2403 2554 2619 2632 potes?

1156 2646 1533 2720 Auratosque
1577 2642 1731 2701 inter
1774 2659 2054 2717 proceres
2097 2641 2370 2701 convivia
2410 2641 2576 2700 ducis

1241 2728 1426 2788 Fallis
1471 2731 1531 2787 et
1572 2725 1833 2803 acceptis
1875 2730 2143 2803 tempora
2184 2727 2366 2802 longa
2406 2725 2593 2785 iocis?

919 2915 1254 2998 Stigelium
1311 2912 1540 2996 viginti
1598 2911 1864 2977 duorum
1922 2931 2234 2976 annorum
2258 2912 2262 2915 ’
2290 2910 2766 2977 adolescent-em
2816 2912 2907 2977 sic
2950 2913 3099 2979 scri—

748 3019 901 3083 bere
944 3016 1228 3100 potuisse
1269 3013 1356 3081 ad
1399 3015 1768 3096 Eobanum,
1837 3013 2282 3097 gravissimum
2325 3011 2560 3094 virum,
2637 3013 3097 3081 Germanorum

672 3173 681 3182 .
748 3127 1080 3202 poetarum
1125 3124 1333 3201 caput,
1379 3117 1505 3182 nisi
1547 3117 1676 3182 iam
1719 3123 1914 3180 antea
1955 3114 2286 3180 familiaris
2330 3114 2467 3180 eius
2510 3115 2750 3198 fuisset,
2797 3118 2938 3198 quis
2968 3138 3097 3184 cre-

750 3220 860 3286 dat
874 3220 908 3284 ⁴?
993 3219 1253 3285 Addere
1307 3220 1413 3285 hic
1465 3220 1624 3284 libet
1682 3216 1853 3299 quod
1896 3218 1947 3281 I.
1995 3216 2395 3283 Camerarius
2454 3214 2535 3281 de
2589 3237 2804 3283 amore
2847 3219 3097 3285 Eobani

749 3342 903 3405 erga
957 3321 1292 3404 Stigelium
1362 3321 1523 3386 dixit
1589 3321 1741 3400 (Vit.
1802 3319 1961 3384 Eob.
2032 3322 2170 3396 28):
2270 3324 2379 3399 „et
2450 3318 2664 3382 statim
2735 3319 3098 3387 incredibili

747 3443 964 3490 amore
1021 3424 1390 3507 complexus
1448 3422 1830 3505 (Stigelium)
1887 3441 2095 3504 neque
2153 3420 2419 3485 obscure
2474 3438 2684 3501 neque
2724 3421 2886 3488 falso
2939 3425 3097 3490 vati-

747 3528 994 3592 cinatus
1054 3530 1179 3608 est,
1255 3546 1444 3609 quam
1498 3525 1613 3590 ille
1669 3524 2035 3589 facultatem
2078 3523 2263 3588 latini
2307 3521 2606 3587 carminis
2649 3532 3096 3591 consecuturus

747 3629 979 3696 esset.“

915 3765 1103 3829 Nunc
1162 3762 1668 3846 Responsionem
1724 3761 1915 3827 Hessi
1992 3760 2211 3825 inveni
2281 3760 2351 3824 in
2419 3759 2763 3824 Germania
2840 3763 3096 3845 Aegidii

757 3865 1090 3932 Periandri
1133 3887 1196 3948 p.
1243 3867 1399 3930 569:

883 4173 916 4231 ¹)
954 4171 1009 4221 T.
1047 4172 1087 4221 Ι.
1126 4170 1160 4222 f.
1198 4172 1298 4222 286
1333 4186 1379 4217 v,
1518 4166 1555 4221 ἰ
1593 4168 1651 4219 Τ.
1689 4169 1729 4216 1.
1780 4167 1813 4216 f.
1862 4168 1977 4218 296.
2116 4164 2152 4228 ⁸)
2188 4165 2249 4215 V.
2282 4164 2343 4213 de
2380 4163 2476 4214 hoc
2512 4164 2733 4215 concilio
2755 4166 3091 4220 L.Rankium

745 4257 998 4309 Deutsche
1034 4256 1213 4305 Gesch.
1253 4256 1318 4304 im
1357 4252 1599 4302 Zeitalter
1634 4252 1722 4302 der
1758 4250 1867 4301 Res.
1888 4250 1977 4302 IV.
2014 4266 2063 4315 p.
2085 4251 2166 4301 92.
2302 4248 2343 4312 ⁴)
2379 4248 2499 4298 Vita
2535 4248 2665 4301 Eob.
2703 4266 2743 4299 c.
2784 4253 2864 4303 28.
2935 4254 3087 4305 Hunc

745 4344 975 4407 sequitur
1020 4340 1290 4392 Lotichius
1335 4337 1469 4388 Bibl.
1507 4342 1640 4402 poet.
1677 4336 1757 4398 111,
1810 4338 1892 4389 58.
2030 4334 2068 4399 ⁵)
2104 4334 2160 4384 T.
2198 4335 2264 4384 ΙΙ.
2315 4332 2348 4382 f.
2389 4336 2488 4386 240
2540 4350 2581 4383 ν.
2721 4331 2760 4395 ⁶)
2797 4330 3086 4386 Chalcidem

745 4426 1101 4478 Smalcaldiam
1138 4422 1269 4475 dixit
1303 4425 1360 4475 P.
1396 4422 1784 4474 Melanchthon.
1822 4439 1867 4472 v.
1906 4419 2095 4470 Camer.
2133 4420 2222 4471 vit.
2257 4419 2385 4469 Eob.
2424 4420 2505 4470 28.
