3499 5219
1278 467 1807 527 ——45———-

855 634 1123 694 Vertitur
1165 635 1415 696 assando
1461 637 1632 713 nigra
1675 636 1947 713 rubigine
1991 654 2201 716 ganza,

362 787 685 850 quumque
727 768 1109 834 vocabulum
1151 770 1273 835 hoc
1315 773 1711 852 mirarentur,
1757 769 1973 834 statim
2018 791 2099 836 ex
2127 777 2413 854 tempore
2442 768 2709 836 subiecit

360 871 559 936 etiam
600 877 1101 954 pentametrum:

841 993 1075 1053 Miraris
1119 993 1413 1070 ganzam?
1470 993 1696 1052 Plinius
1740 996 1949 1052 auctor
1991 991 2228 1055 habet.“

362 1114 614 1198 Nempe
685 1111 860 1196 apud
929 1112 1209 1176 Plinium
1280 1112 1360 1175 H.
1420 1111 1499 1176 N.
1558 1111 1655 1194 X,
1733 1113 1835 1173 22.
1909 1131 2077 1176 nunc
2142 1111 2304 1178 haec
2373 1113 2709 1195 leguntur:

362 1215 748 1297 „Velluntur
777 1215 1086 1291 (anseres)
1132 1213 1515 1295 quibusdam
1557 1215 1714 1279 locis
1759 1212 1859 1278 bis
1888 1234 2079 1296 anno,
2126 1235 2338 1280 rursus
2369 1215 2709 1298 plumigeri

361 1317 747 1401 vestiuntur3
821 1316 1074 1380 mollior
1116 1336 1280 1398 quae
1325 1317 1572 1400 corpori
1614 1316 1939 1399 proxima,
2000 1322 2063 1381 et
2107 1337 2143 1382 e
2188 1316 2534 1382 Germania
2575 1318 2711 1381 lau-

363 1418 728 1502 datissima3
775 1416 1036 1483 candidi
1076 1418 1185 1499 ibi,
1231 1439 1451 1483 verum
1495 1418 1793 1499 minores,
1839 1425 2077 1500 gantae
2120 1418 2594 1502 appellantur.“
2623 1455 2712 1466 -—

360 1520 700 1585 Lectiones
745 1539 903 1601 quas
945 1519 1200 1602 habuit,
1277 1526 1340 1585 et
1385 1520 1642 1603 quidem
1685 1540 1926 1603 magna
1982 1526 2045 1585 et
2101 1521 2477 1604 plenissima
2531 1541 2709 1603 voce,

359 1621 619 1687 fuerunt
698 1621 863 1687 hae:
952 1623 1388 1688 enarrationes
1461 1623 1775 1704 Terentii,
1866 1623 2120 1705 Virgilii
2195 1624 2650 1707 georgicorum,
2666 1624 2710 1700 ¹)

358 1725 668 1788 fastorum
714 1722 958 1806 Ovidii,
1019 1723 1339 1790 Ciceronis
1385 1727 1773 1806 orationum,
1833 1725 2126 1807 Homeri,
2186 1724 2482 1806 Hesiodi,
2530 1745 2711 1809 prae-

359 1832 541 1890 terea
585 1824 666 1890 de
711 1826 1107 1908 eloquentia,
1185 1825 1267 1891 de
1310 1834 1448 1891 arte
1490 1827 1692 1892 latine
1734 1827 2044 1910 loquendi
2088 1834 2151 1894 et
2200 1827 2551 1910 scribendi,
2628 1827 2710 1892 de

359 1926 708 2009 rhetorica,
786 1928 868 1992 (16
910 1927 1430 2012 anthropologia,
1510 1930 1589 1995 de
1632 1930 1935 2014 physices
1978 1929 2359 2012 quibusdam
2401 1930 2709 2014 partibus,

364 2029 449 2094 de
503 2029 720 2093 anima
735 2030 779 2106 2)
839 2029 1137 2096 disseruit
1192 2032 1466 2114 publice.
1556 2032 1769 2097 Etiam
1828 2031 2148 2097 studiosos
2206 2033 2560 2097 litterarum
2624 2031 2709 2095 ad

361 2130 722 2196 audiendas
792 2133 1259 2216 praelectiones
1333 2135 1533 2216 elegis
1609 2134 1991 2215 quibusdam
2077 2134 2350 2199 invitare
2438 2134 2705 2199 solebat.

362 2233 671 2315 Tragicos
715 2255 846 2298 11011
890 2236 1179 2318 attigisse
1224 2235 1560 2318 Stigelium
1604 2236 1834 2300 mirum
1892 2242 2090 2317 esset,
2165 2236 2305 2301 11161,
2346 2235 2516 2300 hanc
2573 2255 2713 2318 pro-

363 2335 643 2399 vinciam
702 2334 1000 2415 Strigelio
1057 2336 1447 2419 reliquisset,
1526 2339 1633 2421 qui
1688 2337 2025 2420 Sophoclis
2079 2338 2469 2419 Antigonam
2523 2337 2713 2402 inter·

362 2437 754 2520 pretabatur.
771 2436 820 2511 3).
905 2436 1116 2501 Etiam
1172 2441 1537 2521 germanice
1592 2439 1910 2523 quaedam
1983 2440 2267 2504 carmina
2339 2439 2709 2522 composuit,

361 2541 637 2604 alterum
683 2539 853 2623 quod
897 2540 1048 2604 olim
1103 2541 1173 2604 in
1229 2543 1500 2607 ecclesia
1556 2542 1963 2624 cantabatur,
2043 2543 2219 2607 cuius
2274 2541 2525 2606 initium
2583 2547 2710 2606 est:

363 2640 463 2725 „O
508 2642 773 2707 Mensch
815 2643 1054 2708 willstu
1095 2664 1212 2709 vor
1255 2645 1407 2710 Grott
1449 2644 1753 2728 bestan“;
1829 2643 2002 2726 quod
2043 2665 2213 2709 1111116
2267 2645 2591 2709 invenitur
2644 2645 2713 2709 in

362 2744 487 2809 Iul.
531 2745 876 2810 Muetzellii
917 2746 1084 2809 libro
1128 2747 1492 2812 utilissimo:
1562 2746 1912 2812 Geistliche
1955 2747 2190 2812 Lieder
2244 2747 2360 2811 der
2417 2746 2709 2828 evangel.

362 2846 605 2911 Kirche
648 2867 763 2911 aus
808 2847 954 2912 dem
984 2848 1162 2912 XVI.
1208 2849 1662 2913 Jahrhundert.
1710 2850 1786 2912 T.
1819 2849 1870 2912 I.
1902 2869 1964 2932 p.
1998 2851 2163 2930 392„
2211 2850 2517 2914 alterum:
2562 2847 2719 2924 Auff

365 2948 486 3012 das
541 2947 922 3015 Christliche
992 2950 1355 3016 Absterben
1427 2950 1540 3016 des
1611 2951 1897 3033 heiligen
1969 2951 2346 3032 Theologen
2417 2949 2711 3014 Doctoris

363 3049 625 3115 Martini
644 3052 907 3116 Lutheri
945 3052 1177 3131 (Viteb.
1209 3055 1416 3129 1546).
1473 3053 1590 3117 His
1638 3052 1893 3118 demum
1938 3051 2164 3117 diebus
2208 3053 2379 3116 hunc
2421 3051 2714 3117 libellum

363 3159 590 3217 nactus
632 3173 803 3218 1111116
845 3153 1040 3219 edidi.
1128 3154 1278 3238 Ipse
1321 3154 1624 3237 Stigelius
1666 3155 2029 3236 germanice
2072 3153 2403 3218 convertit.

534 3253 711 3318 Inter
770 3255 1162 3337 theologicos
1216 3257 1472 3322 libellos
1533 3256 1706 3321 edita
1766 3262 1862 3321 est
1914 3256 2047 3321 eius
2094 3255 2296 3319 oratio
2341 3255 2423 3321 de
2467 3255 2715 3320 Macca-

363 3355 547 3421 baeis
603 3363 665 3420 61
722 3356 803 3421 (16
863 3357 997 3421 vita
1054 3358 1312 3423 Hieron.
1363 3351 1811 3424 ¹Str-idonensis
1867 3357 2077 3423 Viteb.
2131 3362 2312 3422 1546.
2358 3357 2428 3421 111
2472 3359 2546 3421 Τ.
2593 3357 2713 3421 III.

366 3458 921 3523 Declamationum
955 3459 1025 3523 P.
1049 3459 1578 3526 Melanchthonis.
1618 3459 1827 3544 (Corp.
1852 3459 1990 3524 Res.
2021 3460 2100 3525 N.
2133 3460 2251 3524 XI.
2279 3480 2340 3542 p.
2371 3462 2512 3522 721.
2547 3460 2714 3533 734.)

507 3831 541 3895 ¹)
577 3830 721 3880 Editi
759 3838 877 3881 sunt
913 3833 1296 3895 „commentarii
1331 3832 1504 3882 breves
1542 3837 1592 3881 61
1627 3831 1877 3881 succincti
1913 3831 1968 3880 in
1998 3832 2056 3883 P.
2074 3829 2292 3894 Vergilii
2324 3835 2540 3894 quatuor
2558 3828 2714 3879 libros

368 3916 638 3981 Georgic.“
671 3916 939 3967 Mulhusae
979 3920 1126 3982 1555,
1162 3922 1221 3967 111
1255 3917 1416 3967 didici
1451 3933 1512 3966 ex
1545 3915 1907 3981 manuscriptis
1942 3919 2002 3965 A.
2032 3915 2218 3965 Beieri.
2275 3915 2372 3965 Sed
2407 3914 2715 3981 perlustrare

368 4017 454 4050 eos
489 4017 590 4050 non
628 4002 849 4067 contigit
881 4003 1026 4065 mihi,
1063 4018 1179 4052 nam
1213 4020 1276 4052 ne
1307 4002 1573 4051 Mulhusae
1610 4001 1811 4065 quidem
1845 4017 1981 4050 nunc
2019 3999 2366 4061 inveniuntur,
2401 4004 2461 4049 ut
2494 4016 2572 4048 me
2609 4015 2714 4048 cer·

368 4087 550 4135 tiorem
582 4085 706 4135 fecit
740 4089 996 4153 AmeisiuS,
1046 4089 1110 4141 V.
1163 4088 1239 4139 Ol.
1309 4087 1566 4143 Quaedam
1602 4093 1768 4135 tamen
1804 4085 1906 4135 alia
1940 4086 2272 4135 inveniuntur
2317 4084 2451 4148 apud
2491 4085 2566 4133 St.
2597 4083 2715 4132 Ric-

369 4171 530 4219 cium:
569 4173 845 4222 Comment.
876 4172 937 4222 in
971 4174 1185 4224 Hesiodi
1219 4169 1371 4240 ἔργα.
1488 4170 1525 4228 ἰ
1562 4172 1931 4236 Interpretatus
1967 4175 2044 4219 est
2084 4169 2273 4219 librum
2306 4166 2715 4219 Melanchthonis

370 4256 431 4304 de
467 4256 664 4317 anima,
718 4257 777 4307 de
815 4274 913 4322 quo
966 4258 1246 4323 disputavit
1292 4259 1444 4309 etiam
1491 4258 1548 4307 in
1595 4255 1770 4306 libello
1818 4254 2066 4305 Mulhusii
2111 4259 2291 4321 postea
2338 4257 2467 4306 1570
2516 4269 2715 4303 excuso.

369 4341 546 4404 Neque
580 4341 715 4391 hunc
761 4341 1006 4407 indagare
1054 4344 1226 4407 potuit
1272 4344 1530 4395 Ameisius.
1669 4339 1706 4401 ³)
1740 4340 1804 4391 V.
1857 4339 2068 4393 Goniaei
2110 4340 2281 4390 select.
2328 4339 2533 4389 declam.
2582 4337 2715 4403 prof.

370 4425 510 4476 acad.
548 4427 746 4477 Ienens.
781 4443 832 4493 p.
874 4430 970 4480 140
1007 4444 1081 4493 sq.
