3499 5219
1660 392 2218 456 —240—

779 563 982 645 Quem
1010 561 1219 627 locum
1248 561 1316 625 in
1345 560 1478 626 MS.
1507 558 1854 627 Parisiensi
1885 556 2076 641 Ooisl.
2106 558 2246 642 ipse
2275 556 2404 643 legi
2447 561 2556 622 σοί
2597 580 2712 643 pro
2751 561 2867 624 συῒ
2890 561 3101 627 monui
3152 572 3160 577 ·

778 666 863 731 ad
909 661 1228 730 Theodos.
1270 681 1335 746 p.
1381 664 1525 727 234.
1580 667 1840 745 propter
1881 660 2251 726 Bekkerum
2293 660 2537 726 Aneed.
2592 681 2656 744 p.
2706 666 2890 727 1174.
2973 662 3105 728 Hoe

781 768 951 835 enim
995 785 1136 831 eum
1177 760 1461 847 βάκηλος
1503 762 1845 830 cohaerere
1884 762 2156 828 videtur.
2233 761 2499 828 Accedit
2541 763 2710 846 quod
2754 765 3105 850 exspectari

778 889 910 935 non
951 872 1204 951 poterat
1230 864 1742 948 Aristophanem,
1788 864 1896 948 qui
1939 864 2158 949 paullo
2201 871 2353 929 ante
2382 863 2818 948 Strepsiadem
2863 866 3106 932 dixerat

780 971 1023 1051 μῶρον,
1079 986 1249 1033 nune
1304 967 1499 1050 plane
1539 966 1732 1031 simili
1776 965 2269 1049 compellatione
2309 986 2566 1031 usurum
2609 967 2806 1032 fuisse
2847 973 2919 1032 ut
2962 988 3106 1034 eun·

777 1071 925 1138 dem
968 1067 1404 1153 Strepsiadem
1447 1072 1715 1133 notaret.

946 1174 1169 1255 Longe
1232 1170 1362 1236 alio
1425 1168 1615 1235 modo
1672 1167 2052 1234 vocabulum
2121 1168 2575 1253 βεκκεσέληνος
2645 1169 3001 1254 explicatur
3069 1191 3107 1234 a

781 1274 985 1342 Suida
1026 1279 1090 1339 et
1131 1292 1173 1338 a
1212 1270 1570 1338 scholiastis
1610 1267 2079 1353 Aristophanis.
2155 1268 2388 1336 Suidas
2429 1271 2601 1336 enim
2641 1272 2765 1337 ita:
2809 1275 3107 1337 Βεκκε-

737 1462 741 1464 Δ
780 1380 867 1441 σέ
881 1376 1103 1459 ληνε·
1148 1365 1406 1454 άρχαῖε·
1452 1374 1596 1451 (hoo
1640 1371 1794 1436 dicit
1833 1377 2092 1455 propter
2131 1369 2292 1435 illud
2338 1363 2613 1456 άρχαϊκά
2656 1393 2716 1438 v.
2743 1378 2912 1451 820.)
2957 1396 3108 1437 του-

779 1483 997 1543 τέστιν
1055 1469 1467 1560 άνοητότατε.
1529 1475 1861 1558 παρῆκται
1917 1472 1988 1537 δὲ
2049 1465 2186 1536 άπὸ
2241 1474 2357 1536 τοῦ
2413 1472 2896 1557 προσέληνε.
2958 1473 3108 1552 τοὺς

777 1578 898 1664 γὰρ
952 1572 1276 1661 Ἀρκάδας
1344 1569 1819 1661 ἀρχαιοτάτους
1882 1575 1987 1639 καὶ
2045 1573 2180 1656 πρὸ
2235 1576 2355 1662 τῆς
2411 1573 2679 1660 σελήνης
2733 1574 3108 1660 φάσκοντας

776 1678 1108 1766 γεγονέναι
1151 1675 1595 1765 προσελήνους
1640 1674 1926 1741 ἐκάλουν.
1998 1675 2429 1761 Βεκκεσέληνε
2460 1666 2573 1742 οὖν
2603 1672 2693 1754 ὦς
2723 1679 3103 1764 προσέληνε.

782 1780 1110 1864 ἓ’χεται’δὲ
1157 1772 1315 1843 αὐτὸ
1360 1772 1522 1842 καθ’
1573 1774 1732 1843 αὖτὸ
1789 1778 1864 1841 τὸ
1919 1778 2369 1860 βεκκεσέλληνε
2430 1776 2725 1859 ἱστορίας
2779 1778 3102 1864 τοιαύτης.

781 1886 945 1965 (Iam
999 1882 1280 1966 sequitur
1330 1880 1667 1945 ridiculum
1721 1877 1884 1945 illud
1940 1888 2361 1946 commentum
2426 1882 2597 1964 quod
2652 1882 2734 1947 de
2791 1884 3109 1949 Psamme-

780 1986 949 2052 tieho
993 1983 1453 2069 Aegyptiorum
1495 2001 1646 2065 rege
1687 1981 1973 2046 narravit
2012 1981 2370 2049 Herodotus
2400 1984 2484 2066 ΙΙ,
2527 1987 2586 2048 2.
2660 1983 2751 2050 cf.
2782 1985 3109 2068 Apollonii

777 2089 899 2154 Rh.
959 2086 1171 2152 Schol.
1229 2084 1338 2167 IV,
1403 2087 1545 2149 262.
1604 2085 1773 2160 264.)
1832 2071 2047 2159 οὕτως
2100 2071 2213 2146 οῧν
2268 2081 2377 2148 καὶ
2431 2081 2507 2147 τὸ
2564 2089 2977 2172 βεκκεσέληνε
3030 2084 3105 2150 τὸ

779 2183 1047 2269 ἀρχαῖον
1109 2186 1325 2273 δηλοῖ,
1386 2188 1800 2269 συγκειμένης
1854 2186 1970 2269 τῆς
2026 2184 2255 2262 λέξεως
2314 2183 2382 2250 ἐκ
2439 2188 2555 2251 τοῦ
2610 2192 2934 2271 βέκκος,
2995 2183 3104 2249 διὰ

779 2289 893 2375 τὴν
953 2288 1287 2374 εἰρημένην
1346 2286 1669 2368 ἱστορίαν,
1743 2287 1848 2350 καὶ
1911 2287 2025 2350 τοῦ
2089 2285 2578 2372 προσέληνε,
2655 2287 2766 2353 διὰ
2822 2288 2900 2351 τὸ
2957 2285 3106 2363 τοὺς

772 2386 1097 2473 Ἀρκάδας
1168 2389 1609 2473 προσελήνους
1681 2388 2056 2453 καλεῖσθαι.
2170 2388 2352 2455 Idem
2423 2390 2656 2458 Suidas
2724 2392 2855 2457 alio
2929 2392 3103 2457 loco:

785 2500 838 2558 Β
857 2493 1359 2576 εκκεσέληνε·
1415 2486 1565 2575 ἤτοι
1623 2482 2010 2575 ἀπόπληκτε
2065 2492 2172 2555 καὶ
2219 2489 2714 2578 σεληνόπληκτε.
2776 2486 2819 2576 ἢ
2863 2490 2944 2555 τὰ
2990 2490 3103 2556 δύο

786 2595 1117 2680 στ’·γκειται
1162 2592 1256 2670 εἷς
1300 2592 1385 2671 ἕν,
1431 2589 1502 2654 τὸ
1549 2595 1775 2674 βέκκος
1817 2597 1922 2656 καὶ
1967 2585 2004 2678 ἦ
2054 2590 2304 2678 σελήνη.
2352 2586 2591 2676 άρχαῒα
2638 2593 2710 2662 δὲ
2737 2587 3101 2679 ἀμφότερα.

948 2698 1256 2764 Vberiora
1313 2694 1393 2761 de
1448 2695 1563 2760 illa
1607 2695 1828 2760 fabula
1871 2695 2181 2779 praebent
2223 2695 2622 2763 Scholiastae
2662 2698 3106 2782 Aristophanis

779 2801 865 2866 ad
908 2801 1188 2867 Nubium
1231 2818 1292 2863 V.
1338 2800 1480 2863 395.
1568 2795 1847 2875 Quorum
1888 2798 2053 2863 alter
2092 2798 2212 2863 ita:
2268 2795 2678 2881 Σεσόγχωσις
2722 2794 2757 2863 ὁ
2800 2797 3106 2881 βασιλεὺς

780 2905 910 2968 τῶν
968 2895 1364 2985 Αἰγυπτίων
1420 2895 1884 2983 κοσμοκράτωρ
1942 2896 2220 2981 γεγονὼς
2289 2892 2579 2986 ἠθέλησε
2638 2903 2882 2985 γνῶναι
2951 2899 3104 2979 τοὺς

782 2999 1254 3090 ἀρχαιοτάτους
1296 3003 1426 3066 τῶν
1473 2994 1872 3083 ἀνθρώπων.
1964 3001 2092 3064 Καὶ
2149 2999 2398 3086 τροφόν
2454 3026 2603 3066 τινα
2651 3002 3103 3093 γλωττοτομή-

782 3129 902 3183 σας
960 3101 1340 3170 ἀπέκλεισεν
1396 3101 1562 3186 μετὰ
1613 3106 1918 3187 βρέφους.
1995 3095 2397 3186 αι’·ξηθέντος
2459 3091 2572 3168 οὖν
2635 3103 2746 3168 καὶ
2815 3107 3107 3187 βοῶντος

780 3209 918 3292 βὲκ
973 3203 1210 3292 ἤκουσε
1262 3207 1369 3269 καὶ
1432 3203 1591 3287 ἔγνω
1650 3197 1683 3266 ὅ
1739 3200 2077 3286 βασιλεύς.
2155 3198 2259 3267 ὅτι
2332 3197 2748 3290 ἀρχαιότεροι
2811 3195 2974 3290 ἦσαν
3043 3205 3105 3271 οἱ

782 3306 1237 3394 Παφλαγόνες.
1296 3298 1462 3388 παρ’
1526 3299 1752 3383 αὐτοῖς
1810 3304 1882 3371 δὲ
1939 3299 1973 3368 ὖ
2026 3301 2222 3382 ἄρτος
2264 3307 2378 3387 βὲκ
2423 3305 2709 3390 λέγεται,
2770 3307 3106 3385 συνθέτως

786 3409 855 3474 δὲ
901 3403 1047 3474 εἶπε
1090 3407 1205 3493 τὴν
1251 3409 1419 3483 λέξιν
1463 3407 1906 3491 βεκκεσέληνε·
1954 3405 2102 3472 ἐπεὶ
2138 3404 2248 3472 καὶ
2279 3407 2343 3472 οἱ
2366 3401 2679 3494 Ἀρκάδες
2709 3412 3105 3496 προσέληνοι

786 3510 1110 3594 ἐλέγοντο.
1179 3503 1663 3585 Ἀπολλώνιος·
1729 3502 2041 3590 Ἀρκάδες
2114 3511 2180 3572 οἳ
2249 3508 2359 3573 καὶ
2430 3509 2697 3596 πρόσθε
2769 3513 3105 3598 σεληναίης

782 3607 1103 3678 ὑδέονται.
1162 3613 1355 3675 τοῦτο
1413 3599 1661 3688 τοῧπος
1720 3611 2164 3696 (προσέληνοι)
2209 3611 2275 3676 οἱ
2329 3615 2482 3694 περὶ
2541 3612 2655 3677 τὸν
2699 3611 3103 3680 Λουκίλλιον

781 3710 895 3778 τὸν
948 3717 1275 3795 Ταρραῖον
1333 3714 1439 3777 καὶ
1489 3710 1890 3797 Σοφόκλειον
1948 3714 2053 3777 καὶ
2114 3717 2345 3778 Θέωνα
2403 3712 2888 3800 ἑρμηνεύοντες,
2951 3715 3104 3782 τάδε

784 3819 1021 3901 φασίνε
1065 3816 1193 3880 iam
1237 3822 1584 3899 sequuntur
1625 3813 1940 3898 quaedam
1984 3836 2147 3899 quae
2189 3815 2275 3881 ad
2317 3837 2436 3883 nos
2478 3838 2607 3883 non
2650 3821 2989 3902 pertinent,
3038 3821 3104 3884 in

780 3917 909 3983 fine
950 3925 1166 3983 tamen
1209 3916 1421 3983 addit:
1483 3916 1628 3980 δέον
1689 3915 1762 3982 δὲ
1819 3915 2030 3981 εἰπεῖν
2088 3917 2547 4005 προσέληνε
2601 3919 2677 3982 τὸ
2732 3919 2845 4002 βὲκ
2903 3926 3105 4003 παρέ-

783 4019 1047 4096 πλεξεν,
1106 4013 1270 4101 ὅπερ
1328 4017 1463 4084 ἐστὶ
1522 4016 1687 4082 κατὰ
1746 4015 2008 4101 Φρύγας
2063 4016 2278 4105 ἄρτος.
2381 4021 2519 4085 Iam
2575 4023 2741 4088 alius
2794 4025 3105 4108 interpres

779 4123 901 4187 hoc
944 4119 1223 4186 addidit:
1272 4114 1413 4185 οἷον
1460 4117 1935 4204 σεληνόπληκτε
1977 4119 2087 4184 καὶ
2131 4113 2536 4205 ἀπόπληκτε.
2883 4207 2885 4211 ¹

953 4223 1040 4288 At
1080 4241 1231 4287 vero
1276 4223 1415 4307 quis
1455 4242 1735 4305 unquam
1795 4222 2013 4289 eredat
2052 4223 2331 4307 aliquem
2372 4225 2829 4309 βεκκεσέληνον
2872 4226 3107 4292 dixisse

782 4324 1276 4408 Aristophanem
1332 4331 1401 4388 ut
1454 4325 1841 4407 intelligeret
1901 4318 2202 4406 ἀρχαῖον,
2267 4329 2609 4412 antiquum,
2672 4328 2841 4410 quod
2895 4326 3101 4412 βέκος,
