3499 5219
403 579 597 643 Και
639 585 790 654 πῶς,
835 568 888 640 ὦ
927 583 1096 683 μῶρε
1137 578 1236 656 σύ,
1280 580 1381 643 καὶ
1423 579 1709 664 Κρονίων
1751 575 1907 656 ὄζων
1947 579 2046 641 καὶ
2088 578 2597 684 βεκκεσέληνε

468 663 659 743 Εἴπερ
703 664 916 741 βάλλει
962 687 1104 737 τους
1145 663 1481 743 ἐπιόρκους,
1525 671 1656 737 πῶς
1699 663 1833 745 οὐχὶ
1880 660 2117 744 Σίμων’
2162 663 2518 769 ἕνέπρησενς

476 746 640 811 Οὕδε
667 746 1060 827 Κλεώνυμον,
1094 748 1236 813 οὐδὲ
1273 748 1633 830 Θεόδωρονς
1675 752 1869 813 καίτοι
1882 749 2147 856 σφόδρα
2175 746 2237 831 γ’
2271 747 2388 812 εἷ’σ’
2423 750 2710 831 ἐπίορκοι,

457 832 644 895 Ἀλλὰ
690 833 796 897 τὸν
840 830 1031 896 αὑτοῦ
1071 857 1136 915 γε
1180 834 1331 897 νειὸν
1369 835 1584 914 βάλλει
1628 839 1724 896 καὶ
1772 830 2044 909 Σούνιον,
2090 830 2282 914 ἄκρον
2312 831 2612 914 Ἀθηνῶν,

470 919 604 985 Καὶ
634 917 745 991 τοὶς
774 918 923 1001 δρῦς
953 918 1063 991 τὰς
1089 917 1376 1001 μεγάλας,
1407 921 1473 982 τί
1494 917 1759 996 παθιῦνς
1803 916 1874 981 οὗ
1902 918 2021 1000 γὰρ
2053 917 2129 998 δὴ
2162 920 2313 998 δρῦς
2339 916 2401 1000 γ’
2432 920 2711 999 ἐπιορκεῖ.

384 1056 463 1122 In
505 1055 607 1121 his
649 1054 862 1121 verbis
896 1055 1049 1139 quid
1078 1056 1160 1122 sit
1189 1051 1600 1142 βεκκεσέληνε
1626 1057 1832 1122 -ita
1876 1056 2044 1122 enim
2087 1056 2154 1122 in
2199 1056 2491 1124 omnibus
2533 1047 2715 1124 libris

381 1158 616 1240 legitur
656 1156 809 1222 inde
851 1158 934 1223 ab
978 1158 1357 1225 Ravennate
1397 1194 1483 1206 —
1522 1159 1700 1224 vario
1742 1157 1932 1223 modo
1978 1157 2381 1248 explicarunt
2437 1166 2500 1224 et
2552 1157 2715 1223 anti-

385 1261 495 1343 qui
538 1266 601 1326 et
642 1259 875 1324 novicii
917 1260 1313 1342 interpretes.

556 1362 650 1426 Ac
704 1360 976 1444 primum
1035 1360 1289 1445 quidem
1344 1359 1520 1445 apud
1575 1360 1964 1446 Hesychium
2017 1361 2086 1426 in
2138 1360 2380 1428 Aldina
2435 1361 2715 1428 editione

384 1462 616 1546 legitur
666 1462 1140 1543 βεκσέληνος’)·
1197 1460 1741 1547 σεληνόπληκτος,
1802 1464 1843 1527 i.
1901 1482 1957 1530 e.
2014 1464 2332 1526 lunaticus,
2435 1462 2551 1528 Cui
2608 1482 2714 1528 ex-

383 1563 714 1650 plicationi
769 1563 971 1656 multa
1022 1563 1460 1630 adversantur.
1552 1564 1831 1630 Primum
1882 1564 2353 1649 compositionis
2395 1565 2711 1648 analogia,

386 1686 552 1750 quae
564 1714 582 1748 ,
638 1666 695 1731 si
748 1683 968 1731 verum
1026 1673 1193 1733 esset
1244 1666 1624 1732 vocabulum
1675 1663 1866 1749 βεκός
1921 1666 2301 1750 (stupidus),
2360 1667 2714 1749 postularet

385 1775 556 1835 certe
611 1764 1060 1849 σεληνόβεκος,
1130 1788 1261 1832 non
1312 1766 1801 1851 βεκκεσέληνος,·
1874 1767 2110 1834 deinde
2163 1768 2232 1833 id
2287 1768 2496 1851 ipsum
2551 1767 2713 1832 nihil

385 1868 769 1954 significaret
821 1869 947 1934 nisi
997 1890 1132 1931 eum
1175 1870 1288 1955 qui
1323 1869 1582 1932 stolzdzcs
1623 1880 1720 1932 est
1759 1870 1938 1932 lunae
1981 1871 2195 1942 instar,
2254 1876 2387 1934 tum
2448 1865 2711 1953 σεληνό-

384 1970 623 2054 βλητος
668 1978 731 2037 et
772 1970 1062 2047 similia2)
1110 1992 1151 2037 a
1194 1970 1455 2038 Graecis
1507 1992 1640 2037 non
1691 1970 2067 2046 ‚dicebantur
2121 1971 2247 2036 nisi
2303 1970 2386 2036 de
2438 1970 2712 2054 feminis,

387 2074 443 2140 si
484 2070 643 2138 fides
686 2071 989 2137 habenda
1031 2079 1130 2138 est
1169 2073 1491 2140 Macrobio
1536 2073 1812 2152 (Saturn.
1857 2074 1920 2156 Ι,
1983 2078 2136 2156 17.),
2196 2072 2471 2154 denique
2525 2093 2712 2138 nemo

385 2181 639 2258 praeter
681 2174 1070 2259 Hesychium
1111 2174 1179 2239 in
1223 2195 1302 2240 ea
1341 2176 1578 2259 glossa,
1625 2194 1788 2258 quae
1829 2181 1976 2258 post
2012 2173 2469 2258 βεκκεσέληνσς
2512 2174 2715 2257 sequi-

385 2283 506 2358 tur,
549 2273 737 2355 βεκόν
782 2275 1136 2359 significare
1180 2269 1455 2362 ἀνόητον
1495 2276 1680 2342 dixit.
1752 2277 1890 2342 Hoc
1919 2277 2089 2342 enim
2119 2276 2500 2341 vocabulum
2526 2272 2713 2357 βεκός

388 2372 711 2461 (ἀνόητος)
768 2384 880 2442 aut
931 2378 1071 2461 ipse
1115 2377 1473 2462 Hesychius
1526 2378 1782 2444 videtur
1834 2379 2322 2461 excogitavisse,
2380 2385 2449 2442 ut
2495 2383 2714 2460 βεκκε-

388 2477 658 2564 σέληνος
701 2479 1079 2561 explicaret,
1138 2487 1248 2545 aut
1288 2480 1344 2547 is
1389 2500 1575 2565 quem
1621 2487 1872 2546 secutus
1916 2490 2040 2562 est,
2099 2500 2289 2563 quum
2331 2479 2578 2558 nullum
2621 2480 2714 2545 in-

386 2582 680 2649 veniatur
732 2581 1113 2648 vocabulum
1170 2579 1340 2665 quod
1398 2582 1818 2665 originatione
1880 2582 2042 2649 illud
2111 2579 2298 2665 βεκός
2370 2583 2713 2666 contingat.

387 2684 556 2751 Nam
611 2681 985 2749 adverbium
1036 2686 1269 2765 βεκῶς,
1347 2684 1517 2767 quod
1580 2680 1915 2765 μακρόθεν
1979 2684 2282 2768 explicuit
2334 2684 2712 2771 HesychiuS,

388 2785 898 2869 componendum
955 2793 1051 2851 est
1105 2806 1246 2851 cum
1300 2783 1448 2862 ἑκάς
1490 2807 1633 2851 cum
1678 2785 2027 2869 digammo,
2080 2793 2150 2851 ut
2190 2787 2469 2869 glossam
2513 2786 2715 2872 Hesy-

388 2888 683 2955 chianam
724 2883 1020 2972 βεικηλά,
1068 2887 1341 2971 νωχελῆ,
1391 2882 1664 2970 olmera.
1693 2886 2043 2966 Λάκωνες,
2098 2886 2183 2952 ad
2228 2886 2441 2951 εἰκαῖα
2484 2889 2715 2955 rectius

387 2990 601 3056 retulit
643 2989 1004 3054 Lobeckius
1049 2989 1323 3068 (Pathol.
1367 3010 1429 3073 p.
1480 2991 1644 3065 138.)
1703 3010 1891 3071 quam
1946 2989 2031 3054 ad
2086 2988 2251 3054 illud
2290 2987 2478 3069 βεκός
2525 2984 2715 3075 ἀνόη-

388 3113 518 3168 τος.
619 3091 963 3158 Enimvero
1036 3090 1144 3173 qui
1206 3090 1289 3155 ab
1345 3091 1467 3155 hoc
1520 3092 1834 3155 vocabulo
1891 3090 2034 3155 ficto
2094 3089 2388 3156 derivant
2444 3089 2714 3177 βέκηλος

389 3213 600 3261 errare
641 3191 938 3258 videntur
980 3212 1170 3276 quum
1214 3192 1300 3257 ad
1341 3189 1618 3276 βηκύλος
1661 3192 1832 3276 quod
1873 3193 2043 3257 male
2085 3213 2126 3256 a
2169 3193 2544 3276 quibusdam
2573 3216 2715 3278 pro·

387 3294 724 3362 nunciatur
765 3291 1072 3374 βαικὺλος
1114 3294 1448 3377 pertineat,
1502 3294 1678 3360 cuius
1722 3294 2055 3377 originatio
2100 3293 2181 3358 ab
2226 3294 2450 3360 ovibus
2493 3294 2715 3360 balan·

388 3397 556 3463 tibus
598 3395 880 3479 petenda
923 3401 1038 3461 est.
1109 3395 1334 3478 Neque
1377 3397 1709 3480 quicquam
1754 3414 2084 3461 commune
2126 3395 2321 3460 habet
2363 3417 2503 3462 cum
2526 3395 2713 3477 βεκός

387 3497 559 3564 istud
612 3494 890 3578 βάκαλες
952 3517 1074 3579 quo
1134 3494 1564 3564 Callimachus
1616 3518 1768 3563 usus
1825 3504 1920 3563 est
1975 3496 2148 3580 apud
2207 3495 2712 3563 Choeroboscum

392 3598 737 3665 Gaisfordii
792 3620 855 3682 p.
904 3602 1001 3681 13,
1055 3603 1149 3664 10.
1244 3599 1433 3676 Τινὲς
1478 3597 1549 3665 δὲ
1590 3591 1927 3684 ἠθέλησαν
1973 3597 2048 3660 τὸ
2093 3604 2168 3660 Λ
2210 3595 2460 3662 τελικὸν
2506 3597 2712 3681 λέγειν

388 3703 519 3765 τῶν
564 3693 917 3782 ἅρσενικῶν
965 3693 1322 3780 ὀνομάτων,
1383 3697 1611 3785 ἐπειδὴ
1656 3698 1732 3763 τὸ
1775 3697 1986 3783 βάκαλ
2028 3697 2404 3780 κλινόμενον
2452 3694 2710 3786 εὑρέθη,

392 3796 481 3879 ὥς
525 3798 707 3885 παρὰ
754 3797 1151 3886 Καλλιμάχῳ

1151 3934 1330 3998 τέκνα
1371 3938 1484 3999 τυῖ·
1510 3936 1621 4016 μὲν
1662 3935 1945 4014 βάκαλες.

527 4192 560 4255 ¹)
596 4189 847 4242 vitiosius
895 4190 1049 4241 etiam
1087 4189 1148 4239 in
1195 4189 1308 4256 ipso
1357 4190 1528 4242 codice
1569 4188 1723 4256 βεκηὲ
1759 4188 1956 4252 σὲληνε.
2026 4190 2086 4240 V.
2121 4190 2189 4239 Μ.
2230 4190 2498 4241 Schmidtii
2533 4190 2713 4242 editio-

389 4291 518 4327 nem.
658 4275 695 4332 ἰ
735 4274 999 4327 Greuzerus
1033 4273 1202 4342 Symb.
1237 4276 1306 4326 II.
1343 4291 1396 4341 p.
1431 4278 1544 4327 571.
1583 4275 1659 4327 ed.
1697 4276 1792 4324 III.
1842 4272 2264 4343 σεληνοσχῆτους
2308 4276 2530 4339 addidit,
2580 4276 2714 4341 quod

390 4361 480 4412 ubi
514 4361 797 4427 reperiatur
830 4360 1018 4410 nescio.
