3499 5219
407 1542 525 1606 DE
581 1537 1207 1605 EPIGRAMMATE
1266 1502 1791 1603 cALLmAcffl
1836 1538 2036 1603 xlm
2096 1539 2742 1608 COMMENTATIO.

575 1725 850 1791 Difficile
905 1733 1003 1790 est
1058 1726 1453 1809 epigramma
1499 1724 1879 1789 Callimachi
1923 1726 2235 1791 decimum
2281 1734 2603 1808 quartum,
2665 1727 2745 1792 de

409 1851 531 1912 quo
576 1848 765 1910 quam
797 1827 950 1891 olim
991 1826 1508 1892 adolescentulus
1552 1828 1936 1893 sententiam
1980 1848 2171 1892 ausus
2202 1849 2340 1892 sum
2384 1837 2743 1912 proponere

406 1932 516 1996 diu
562 1937 658 1996 est
686 1950 878 2011 quum
922 1935 1121 1993 totam
1163 1929 1302 2011 ipse
1348 1929 1615 2012 explosi.
1681 1930 1889 1994 Lubet
1932 1936 2148 1994 tamen
2189 1949 2358 1993 nunc
2400 1931 2745 2008 maturiore

405 2040 617 2100 aetate
661 2030 747 2097 ad
788 2029 960 2096 idem
1004 2030 1395 2113 epigramma
1438 2031 1690 2112 reverti,
1738 2032 1889 2114 quia
1919 2029 2452 2113 quemadmodum
2496 2031 2564 2095 in
2608 2027 2745 2096 uni-

403 2153 658 2201 versum
702 2134 1134 2214 aenigmatum
1179 2133 1461 2198 curiosus
1492 2140 1587 2198 est
1631 2134 1883 2198 animus
1926 2133 2261 2214 humanus,
2307 2134 2397 2197 ita
2441 2133 2633 2198 etiam
2676 2134 2745 2197 in

404 2237 527 2328 hoc
557 2237 1014 2319 epigrammate
1044 2235 1257 2299 nescio
1304 2233 1457 2316 quid
1502 2242 1597 2299 est
1628 2234 1798 2317 quod
1826 2235 2053 2301 iterum
2097 2235 2450 2317 iterumque
2479 2236 2740 2317 alliciat,

403 2345 492 2420 ut,
539 2337 625 2402 ad
667 2338 805 2403 veri
845 2337 1282 2402 inventionem
1327 2335 1570 2400 aditum
1615 2336 1669 2401 si
1711 2357 1843 2401 non
1887 2336 2267 2419 patefecisse
2311 2356 2566 2419 prorsus
2612 2337 2743 2402 exi-

361 2469 364 2474 ·
413 2440 651 2521 stimer,
698 2445 867 2504 certe
894 2438 1090 2502 aliam
1119 2438 1291 2501 viam
1335 2455 1603 2520 eamque
1633 2437 1962 2520 aliquanto
1993 2439 2325 2503 rectiorem
2369 2438 2741 2505 inveniendi

409 2542 546 2607 veri
587 2547 922 2607 contentus
966 2542 1085 2605 sim
1128 2546 1536 2605 monstrasse.

574 2644 788 2709 Habet
829 2650 1042 2708 autem
1085 2643 1175 2706 ita
1221 2641 1646 2725 epigramma:

492 2767 657 2838 a·³H
694 2773 758 2858 ῥ’
802 2773 921 2838 ὑπὸ
965 2777 1061 2836 σοὶ
1106 2777 1396 2860 Χαρίδας
1439 2774 1854 2851 fluctuabam,-
1894 2781 1945 2842 β·
1978 2777 2056 2837 Εἰ
2098 2775 2205 2837 τὸν
2235 2773 2493 2858 Ἀρίμνα

580 2864 709 2923 Τοῦ
755 2860 1110 2941 Κυρηναίου
1154 2863 1348 2923 παῖδα
1395 2862 1595 2942 λέγεις,
1639 2858 1754 2922 ὑπ’
1803 2862 1954 2939 ἐμοί.

492 2938 642 3006 ‹ae-³52
673 2946 946 3027 Χαρίδα,
993 2945 1057 3007 τί
1095 2945 1172 3007 τὰ
1213 2948 1428 3025 νὲρθες
1471 2964 1521 3013 y-
1553 2945 1736 3010 Πολὺ
1783 2942 2017 3017 σκότος.
2064 2962 2113 2993 a.
2145 2942 2240 3004 A}
2283 2943 2345 3004 δ’
2396 2941 2604 3007 ἄνοδοι
2651 2947 2746 3024 τίς

573 3049 625 3097 y.
671 3032 925 3102 Ψεῦδος.
973 3049 1023 3081 a.
1048 3029 1122 3091 ‘O
1167 3030 1234 3092 δὲ
1275 3029 1619 3107 Πλούτων,·
1659 3048 1710 3097 y·
1741 3033 2013 3102 Μῦθος·
2059 3026 2461 3107 ἀπωλόμεθα.

496 3105 698 3188 Οὗτος
738 3113 883 3195 ἐμὸς
925 3112 1103 3196 λόγος
1144 3113 1337 3194 ὔμμιν
1380 3112 1703 3195 ἀληθινός·
1752 3115 1805 3176 εἴ
1848 3113 1916 3176 δὲ
1957 3114 2067 3177 τὸν
2107 3113 2265 3195 ἡδὺν

574 3197 816 3277 Βούλει,
864 3201 1177 3262 Πελλαιόυ
1219 3205 1373 3279 βοῦς
1412 3200 1601 3281 μέγας
1645 3201 1730 3261 εἶν
1760 3195 1955 3282 Ἀΐδῃ.

403 3357 692 3438 Apparet
759 3360 973 3418 autem
1038 3354 1308 3437 primum
1381 3353 1725 3419 Charidam
1742 3356 1785 3431 ¹)
1854 3340 2036 3418 illum
2093 3352 2396 3419 Arimnae
2463 3353 2661 3418 filium
2675 3355 2741 3437 2),

406 3457 660 3540 Cyrena
717 3463 785 3520 ut
826 3456 1079 3521 videtur
1134 3455 1498 3537 oriundum,
1560 3452 1768 3520 ἄθεον
1825 3455 2047 3539 fuisse,
2109 3456 2421 3521 asseclam
2476 3456 2745 3522 fortasse

406 3559 731 3624 Theodori
783 3557 1120 3639 municipis
1178 3558 1272 3622 sui
1290 3606 1305 3639 ,
1361 3557 1442 3622 de
1498 3557 1671 3621 cuius
1728 3556 2019 3622 doctrina
2073 3557 2395 3640 Diogenes
2451 3558 2745 3625 Laertius

407 3661 540 3743 agit
597 3662 691 3742 ΙΙ,
754 3663 811 3724 8.
880 3659 971 3723 Of.
1021 3657 1240 3724 Cicero
1298 3658 1379 3724 de
1437 3660 1585 3722 Nat.
1646 3660 1838 3723 Deor.
1897 3660 1961 3741 Ι,
2016 3664 2068 3722 1.
2158 3659 2306 3724 Tali
2361 3659 2744 3744 philosopho

543 3863 576 3926 ¹)
625 3861 870 3930 Χαρίλας
917 3878 1009 3927 pro
1056 3858 1308 3928 Χαρίδας
1355 3878 1445 3910 cur
1491 3861 1806 3911 Blomfildius
1860 3862 2121 3926 scripserit
2172 3878 2276 3911 non
2321 3862 2581 3927 intelligo,
2664 3863 2745 3912 Ex

406 3947 603 3997 Aelian.
639 3948 697 3997 V.
734 3947 802 3997 H.
841 3948 882 4008 Ι,
921 3950 1001 3998 27.
1038 3946 1195 3996 alium
1230 3946 1500 3996 Charidam
1536 3947 1752 4011 protulit
1787 3946 2047 3997 Iacobsius
2096 3947 2184 4011 qui
2221 3962 2285 3995 an
2323 3947 2455 3997 idem
2491 3947 2560 3997 sit
2594 3952 2744 4013 atque

408 4030 675 4082 Charilaus
711 4032 1005 4081 Archilochi
1042 4031 1121 4093 (V.
1157 4033 1339 4082 Athen.
1375 4030 1439 4093 X,
1475 4047 1525 4095 p.
1562 4034 1698 4094 416.)
1749 4030 1893 4080 valde
1940 4030 2190 4081 incertum
2237 4036 2327 4083 est.
2403 4032 2500 4082 Sed
2538 4036 2593 4081 ut
2629 4035 2740 4081 Χα-

409 4113 601 4182 ριάδης
634 4117 894 4167 invenitur
929 4117 1064 4181 apud
1101 4116 1304 4166 Pindar.
1342 4117 1404 4165 N.
1441 4115 1585 4177 VIII,
1623 4118 1703 4167 46.
1741 4114 1816 4164 ita
1851 4118 1901 4164 et
1936 4113 2184 4184 Χαρίδης
2217 4120 2351 4166 recte
2386 4116 2609 4167 habebit.

408 4203 450 4265 2)
485 4201 746 4251 Iacobsius
782 4218 842 4251 ex
876 4201 983 4251 cod.
1020 4201 1125 4249 Pal.
1159 4195 1406 4268 Ἀρίμμα.
1478 4201 1576 4251 Sed
1612 4216 1767 4265 quum
1803 4200 2065 4265 analogiae
2101 4218 2202 4251 non
2238 4188 2486 4266 repugnet
2521 4201 2575 4251 id
2611 4202 2745 4266 quod

407 4286 668 4352 vulgatur,
718 4287 919 4336 videtur
964 4286 1136 4335 eodem
1184 4287 1330 4335 modo
1382 4302 1562 4335 nomen
1609 4289 1858 4336 mutatu'm
1899 4303 2003 4337 esse
2040 4292 2190 4351 atque
2226 4283 2491 4353 Δευκίμνη
2531 4291 2580 4335 et
2616 4287 2745 4337 Λευ-

407 4369 594 4439 κὶμμη.
676 4390 721 4422 v.
760 4371 982 4437 Thucyd.
1020 4372 1061 4434 Ι,
1099 4373 1180 4422 30.
