3499 5219
1686 383 2253 446 ——122—

794 549 1256 633 significatione
1270 598 1287 632 ,
1364 551 1749 616 invenerunt
1803 550 2186 616 recentiores
2201 599 2217 632 ,
2291 557 2362 616 ut
2433 551 2649 616 nescio
2704 550 2878 634 quod
2934 570 3135 633 genus

793 671 1064 736 poeseos
1106 651 1539 734 intelligerent
1583 652 1756 734 quod
1798 652 2046 717 nullum
2089 658 2206 718 est.
2296 652 2465 717 Nam
2522 652 2648 717 duo
2699 659 2947 717 tantum
2989 660 3135 717 sunt

791 773 1031 836 genera
1089 772 1391 837 poeseos,
1452 754 1628 818 mala
1681 753 1897 836 poesis
1949 760 2016 819 et
2071 754 2262 820 bona.
2360 756 2608 820 Tamen
2664 755 2782 819 hos
2837 773 3135 838 perverse

791 855 1119 920 imitantur
1172 854 1350 938 apud
1407 874 1527 920 nos
1583 854 2030 921 adolescentes
2082 855 2341 938 quidam
2395 856 2732 940 poetastri,
2808 856 2917 938 qui
2978 857 3132 921 anti-

795 958 1047 1040 quiores
1101 963 1327 1039 poetas
1382 963 1492 1021 aut
1546 956 1997 1021 abominantur
2056 965 2168 1022 aut
2218 964 2605 1042 conspuunt,
2677 964 2748 1022 ut
2803 978 3009 1024 novas
3065 977 3134 1023 se

794 1059 1026 1125 saltem
1068 1077 1170 1123 res
1213 1058 1280 1123 in
1323 1057 1552 1124 litteris
1596 1064 1666 1122 ut
1706 1058 1952 1125 artibus
1984 1060 2238 1125 molitos
2267 1079 2411 1126 esse
2440 1057 2896 1141 demonstrent,
2946 1081 3132 1141 quum

710 1146 716 1159 ⁶
776 1163 864 1246 ,in
904 1161 1094 1226 rebus
1136 1159 1414 1243 politicis
1456 1160 1617 1224 nihil
1660 1160 1928 1243 possint.
2003 1160 2134 1226 Sed
2161 1161 2357 1244 longe
2384 1162 2591 1244 mag-is
2620 1162 2824 1246 inepti
2853 1162 3133 1228 seniores

795 1261 1056 1345 quidam
1099 1261 1316 1343 nostri,
1363 1260 1471 1343 qui
1514 1258 1666 1325 dum
1696 1261 2029 1327 Gallorum
2055 1263 2294 1329 mobile
2324 1263 2652 1345 ingenium
2695 1262 2764 1326 111
2807 1260 3134 1343 republica

793 1371 1103 1444 metuunt,
1147 1369 1364 1429 tamen
1406 1382 1623 1428 eorum
1667 1364 1891 1446 lingua
1932 1365 2140 1446 magis
2179 1364 2506 1447 gaudeant
2549 1383 2741 1446 quam
2769 1363 3129 1441 vernacula,

795 1465 1362 1547 lubentissimeque
1403 1464 1637 1547 gallice
1678 1466 1964 1548 garriant
2005 1465 2534 1549 deblaterentque
2586 1468 2656 1531 in
2709 1464 2962 1530 circulis
3005 1462 3132 1528 suis

796 1576 860 1634 et
900 1567 1299 1632 factionibus.
1373 1566 1624 1650 Nempe
1664 1566 1973 1647 nesciunt,
2019 1567 2196 1634 cuius
2232 1568 2454 1651 populi
2483 1568 2768 1650 linguam
2796 1567 3132 1647 loquantur

795 1671 931 1736 eius
973 1669 1168 1735 etiam
1209 1668 1537 1750 ingenium
1579 1675 1884 1750 tanquam
1925 1669 2132 1735 maius
2173 1689 2244 1735 se
2285 1689 2635 1752 agnoscere
2676 1675 2869 1750 atque
2909 1667 3002 1732 sic
3029 1667 3131 1731 vel

792 1771 1027 1837 invitos
1069 1770 1212 1853 rapi
1254 1768 1341 1834 ad
1382 1769 1546 1834 illud
1590 1768 1762 1851 quod
1805 1775 1874 1833 ut
1917 1772 2283 1854 scorpiones
2326 1778 2635 1837 metuunt.
2727 1772 2866 1852 Ego
2922 1776 3130 1834 autem

795 1874 1094 1954 arbitror,
1170 1872 1237 1936 vi
1309 1870 1585 1953 quadam
1642 1871 1890 1936 boreali
1945 1892 2106 1955 opus
2163 1892 2305 1939 esse
2359 1873 2446 1938 ad
2502 1871 2925 1956 depellendas
2978 1871 3130 1936 istas

794 1975 1134 2058 Harpyias,
1151 1972 1162 1978 '
1180 1994 1221 2038 a
1264 1973 1493 2054 quibus
1537 1973 1763 2056 epulas
1806 1992 1955 2038 suas
1997 1976 2419 2040 contaminari
2446 1994 2614 2039 nunc
2643 1974 2881 2058 patitur
2909 1990 3132 2038 caecus
3228 1968 3234 1974 ’

793 2076 1194 2160 germanicus
1235 2075 1550 2140 Phineus:
1608 2074 1778 2138 hanc
1831 2082 2043 2140 autem
2086 2077 2218 2141 vim
2261 2077 2508 2142 Boreae
2560 2077 2774 2141 inesse
2814 2074 3024 2140 iudico
3067 2075 3131 2138 in

796 2179 1055 2261 egregia
1097 2177 1476 2258 antiquitate
1517 2195 1751 2259 graeca
1793 2185 1858 2242 et
1897 2197 2193 2244 romana:
2250 2179 2562 2244 contineri
2601 2178 2794 2260 igitur
2834 2177 2956 2242 hac
2999 2176 3132 2259 phi-

796 2279 1066 2362 lologia,
1141 2298 1307 2360 quae
1376 2278 1623 2344 aditum
1686 2280 1955 2364 praebet
2016 2279 2104 2345 ad
2166 2281 2609 2364 antiquitatem
2626 2329 2642 2362 ,
2716 2281 3132 2341 inconcussam

794 2383 1072 2465 reyulam
1115 2381 1290 2452 recti,
1329 2380 1587 2464 pulchri
1624 2390 1689 2442 et
1724 2383 2033 2464 qenerosi.

964 2483 1326 2565 Philologia
1368 2489 1582 2547 autem
1626 2483 2055 2549 universalem
2096 2485 2365 2569 praebet
2404 2484 2833 2569 cognitionem
2870 2483 3134 2548 duorum

796 2587 1153 2671 principum
1207 2583 1606 2666 antiquitatis
1669 2586 2049 2669 populorum
2121 2606 2463 2670 eorumque
2519 2586 2718 2651 vitam
2790 2592 2922 2651 tam
2993 2604 3133 2649 con-

796 2689 1240 2773 templativam
1283 2707 1474 2768 quam
1516 2694 1843 2754 actuosam
1886 2688 2226 2755 ostendere
2271 2689 2502 2756 studet.
2591 2687 2814 2755 Omnis
2857 2706 3009 2752 vero
3056 2685 3134 2752 de

796 2792 932 2857 vita
973 2789 1473 2873 contemplativa
1513 2790 1751 2873 triplex
1794 2797 1892 2856 est
1934 2792 2222 2872 quaestio
2237 2840 2254 2873 ,
2312 2812 2508 2856 unum
2561 2811 2765 2873 genus
2822 2796 2920 2855 est
2961 2789 3133 2870 artis,

796 2894 1069 2959 alterum
1110 2892 1464 2957 litterarum
1479 2939 1496 2973 ,
1555 2893 1812 2957 tertium
1862 2893 2224 2976 religionis3
2280 2897 2497 2975 atque'
2531 2891 2614 2958 de
2664 2900 2928 2958 actuosa
2981 2891 3134 2956 item

800 3002 897 3061 est
939 2994 1257 3077 tripartita
1298 2994 1616 3076 quaestiO,
1674 2996 1882 3078 prima
1929 2995 2011 3060 de
2052 2995 2367 3075 moribus,
2420 2994 2703 3060 secunda
2746 2994 2828 3059 de
2871 2994 3133 3074 familia,

797 3098 985 3163 tertia
1042 3096 1123 3161 de
1174 3096 1521 3179 republica.
1576 3132 1663 3143 —
1734 3096 1922 3175 Quod
1987 3096 2178 3179 igitur
2232 3096 2318 3161 ad
2373 3102 2575 3162 artem
2631 3096 3018 3162 Graecorum
3075 3101 3137 3160 et

798 3200 1228 3264 Romanorum
1281 3199 1586 3282 pertinet,
1647 3218 1729 3264 ex
1782 3198 2265 3280 archaeologia,
2322 3217 2489 3280 quae
2545 3219 2588 3263 a
2628 3198 2972 3282 philologis
3014 3205 3134 3263 tra-

799 3299 998 3382 ditur,
1056 3302 1299 3381 elucet,
1358 3301 1606 3364 nullum
1659 3302 1968 3384 populum
2022 3319 2359 3383 superasse
2403 3319 2514 3366 eos
2556 3300 2626 3366 in
2666 3302 3006 3382 statuaria,
3067 3300 3134 3365 id

799 3401 973 3489 quod
1028 3401 1250 3484 optimi
1308 3401 1542 3482 quique
1598 3403 1799 3466 nostri
1854 3402 2157 3485 temporis
2213 3401 2485 3469 artifices
2539 3402 2926 3468 concedunt:
2990 3423 3134 3468 con·

798 3504 988 3569 cessit
1044 3502 1209 3567 adeo
1264 3522 1546 3568 summus
1601 3503 1912 3586 pictorum
1971 3504 2267 3588 Raphael
2316 3503 2614 3570 Sanctius
2658 3504 2968 3586 Urbinas,
3029 3506 3134 3587 qui

796 3606 864 3669 in
909 3604 1245 3687 postremis
1286 3606 1440 3670 artis
1483 3624 1639 3670 suae
1681 3606 2010 3689 operibus,
2068 3612 2138 3670 ut
2189 3607 2329 3690 ipse
2382 3606 2593 3672 fassus
2647 3613 2773 3687 est,
2832 3607 3134 3689 antiquae

797 3707 955 3771 artis
1026 3705 1364 3771 simulacra
1432 3707 1894 3772 aemulabatur.
1992 3709 2093 3773 De
2162 3708 2585 3773 architectura
2653 3708 2807 3791 quid
2880 3708 3132 3774 dicam?

799 3808 1032 3874 Nonne
1075 3808 1526 3889 preclarissimi
1567 3809 1937 3875 recentioris
1991 3809 2382 3893 temporibus
2438 3810 2798 3893 architecti,
2857 3811 3132 3877 Michael

797 3912 1086 3993 Angelus
1107 3909 1553 3992 Buonarottus,
1584 3911 1896 3977 Bramans
1927 3918 1992 3976 et
2017 3912 2311 3995 Raphael
2333 3912 2613 3978 Urbinas
2639 3913 2709 3977 111
2735 3911 3135 3978 aedificanda

799 4013 1056 4096 egregia
1098 4011 1164 4077 S.
1208 4011 1380 4078 Petri
1433 4012 1701 4078 basilica
1756 4033 2044 4079 normam
2101 4020 2167 4078 et
2218 4014 2474 4096 regulas
2532 4014 2934 4097 antiquorum
2991 4015 3132 4081 arti-

798 4114 984 4181 ficum
1013 4121 1077 4180 et
1104 4114 1395 4179 venerati
1422 4120 1486 4179 et
1514 4115 1714 4180 secuti
1742 4113 1937 4180 sunt?
1974 4150 2062 4161 --
2102 4116 2202 4180 De
2229 4116 2413 4198 poesi
2442 4115 2717 4198 denique
2745 4124 2811 4182 et
2835 4118 3134 4200 eloquen-

797 4218 890 4282 tia
933 4234 1190 4300 prorsus
1231 4235 1362 4280 non
1398 4236 1558 4299 opus
1589 4222 1685 4282 est
1714 4216 1989 4298 singulis,
2017 4216 2330 4300 exemplis
2362 4217 2797 4285 demonstrare
2826 4225 3130 4301 quantum

797 4317 1231 4401 praestiterint
1269 4317 1340 4382 in
1380 4317 1504 4383 hoc
1547 4318 1720 4384 omni
1762 4336 1998 4401 genere
2030 4318 2308 4403 antiqui3
2352 4339 2505 4384 nam
2547 4318 2630 4384 de
2675 4320 2855 4403 epico
2898 4339 3133 4404 genere
