3499 5219
1285 422 1852 485 *201—

1473 592 1679 652 Vollc.

1603 695 1735 754 Von
1780 709 1929 752 wem
1971 694 2066 753 die
2110 695 2322 755 deinen
2365 695 2567 756 deun?

1356 829 1782 890 Flez'scher.

568 927 716 986 Vom
759 930 1120 1002 Stoclcfisch,
1169 930 1276 988 der
1318 931 1422 990 des
1464 930 1795 1003 Backfisch
1840 932 2059 990 alterer
2101 932 2332 991 Bruder
2374 907 2515 992 vvar.

394 1096 576 1161 Idem
634 1104 852 1163 tamen
908 1099 1374 1183 Aristophanes
1431 1099 1579 1163 Pac.
1647 1102 1827 1163 1068.
1886 1105 1950 1164 et
2006 1100 2361 1166 Pausanias
2418 1102 2553 1183 (IV,
2634 1108 2734 1168 27.

393 1198 488 1279 X,
559 1201 679 1274 12.)
751 1218 792 1263 a
849 1199 1169 1284 Nymphis
1240 1200 1523 1266 afflatum
1585 1200 2122 1284 furibundumque
2177 1202 2373 1268 fuisse
2431 1204 2734 1271 Bacidem

396 1299 633 1382 dieunt,
680 1302 851 1384 quod
893 1302 1047 1385 quid
1090 1301 1403 1386 significet
1442 1324 1575 1367 non
1619 1323 1780 1387 opus
1825 1309 1923 1369 est
1966 1323 2318 1389 exponere3
2363 1313 2533 1371 certe
2574 1307 2736 1371 nihil

390 1401 515 1466 hoc
559 1402 797 1467 dictum
841 1405 1124 1470 continet
1167 1404 1337 1488 quod
1380 1404 1467 1469 ad
1508 1405 1707 1468 vitam
1744 1404 1882 1469 eius
1922 1406 2370 1471 illustrandam
2400 1408 2735 1491 quicquam

389 1502 602 1568 faciat.
691 1505 947 1572 Vixisse
989 1507 1180 1589 igitur
1222 1505 1527 1573 Bacidem
1585 1526 1774 1571 nemo
1832 1507 2068 1589 poterit
2116 1506 2378 1585 docere,
2438 1510 2555 1576 sed
2610 1517 2736 1575 sta-

390 1607 700 1671 tuendum
758 1609 878 1673 erit
918 1608 1177 1674 Bacidis
1233 1608 1538 1673 vaticinia
1580 1607 1726 1672 ficta
1770 1627 1914 1673 esse
1956 1609 2039 1672 ab
2084 1607 2518 1693 OnomacritO,
2578 1612 2735 1679 Pisi-

390 1711 803 1776 stratidarum
860 1711 1098 1792 amico,
1159 1710 1344 1775 docto
1388 1711 1526 1776 viro
1569 1709 1858 1791 vafrique
1907 1710 2178 1794 ingenii,
2240 1732 2428 1794 quem
2485 1720 2735 1779 constat

391 1812 654 1879 Musaeo
687 1813 878 1879 etiam
909 1811 1227 1895 quaedam
1267 1813 1526 1877 oracula
1553 1811 1881 1877 affluxisse
1911 1811 2237 1884 (Herodot.
2263 1813 2405 1896 VII,
2437 1818 2520 1888 6.)
2558 1816 2734 1881 cuius

390 1914 538 1979 falsi
567 1915 773 1981 Lasus
801 1914 1284 1980 Hermionensis
1328 1914 1480 1980 olim
1522 1914 1846 1979 hominem
1890 1914 2106 1998 palam
2149 1916 2531 1981 convicerat.
2597 1916 2736 1983 Nec

276 2077 280 2084 .
390 2017 603 2083 minus
660 2017 1041 2101 pervulgata
1096 2016 1271 2081 fama
1341 2023 1438 2081 est
1491 2013 1764 2097 Orphei,
1840 2035 2028 2096 quem
2098 2037 2422 2098 nunquam
2495 2017 2736 2085 vixisse

392 2119 748 2183 autumavit
787 2118 1186 2199 Aristoteles,
1235 2117 1521 2182 earmina
1563 2115 2039 2182 Onomacritum
2080 2118 2506 2202 interpolasse
2552 2121 2733 2185 (Lob.

393 2220 713 2306 Aglaoph.
757 2241 822 2303 p.
868 2223 1012 2284 331.
1059 2223 1202 2284 348.
1249 2222 1418 2297 353.)
1433 2267 1449 2301 ,
1494 2238 1703 2301 neque
1746 2218 1830 2284 ab
1874 2218 2133 2285 Homeri
2177 2220 2467 2286 versibus
2512 2242 2583 2287 se
2625 2223 2735 2287 ab·

391 2322 693 2388 stinuisse
736 2325 822 2399 (V.
868 2320 1082 2386 Schol‘.
1125 2321 1418 2386 Ambros.
1463 2320 1549 2385 ad
1592 2319 1823 2404 Odyss.
1856 2320 1974 2404 XI,
2021 2324 2212 2398 604.).
2300 2322 2507 2402 Quam
2550 2329 2734 2389 carus

390 2423 580 2488 fuerit
622 2420 1066 2488 Onomacritus
1109 2423 1440 2487 Pisistrato
1485 2429 1548 2488 et
1589 2421 1737 2488 filiis
1782 2424 1919 2489 eius
1962 2429 2213 2488 constat
2261 2443 2343 2490 ex
2386 2425 2731 2508 Herodot0‚

391 2533 583 2607 atque
625 2524 884 2590 Bacidis
927 2523 1233 2589 vaticinia
1272 2525 1564 2608 inprimis
1608 2524 1912 2591 dilexisse
1954 2524 2355 2591 Pisistratum
2411 2546 2486 2593 eo
2540 2527 2733 2592 etiam

393 2630 630 2709 elucet,
689 2626 862 2710 quod
904 2627 1163 2692 Bacidis
1218 2647 1570 2711 cognomen
1625 2628 1751 2711 ipsi
1805 2634 2081 2713 tyranno
2136 2628 2408 2693 inditum
2469 2635 2567 2695 est
2620 2650 2738 2714 per

392 2725 845 2812 ludibriumsv.
878 2729 1090 2795 Schol.
1121 2729 1446 2812 Aristoph.
1491 2731 1638 2794 Pac.
1695 2734 1873 2794 1071.
1946 2726 2127 2794 Ἔστι
2174 2730 2243 2794 δὲ
2291 2729 2538 2809 [Βάκις]
2584 2729 2734 2797 ἐπί-

394 2838 595 2896 θετον
641 2826 1132 2911 Πεισιστράτου
1178 2831 1483 2909 [Zonaras
1525 2830 1809 2897 addidit:
1887 2828 1957 2907 ὃς
2014 2819 2090 2915 ἦν
2146 2830 2613 2916 χρησμολόγος]
2671 2841 2734 2900 et

396 2932 662 2999 Suidam
705 2953 767 2996 v.
813 2922 1058 3021 Βάκις.)
1128 2932 1364 2998 Verum
1407 2954 1538 2997 non
1581 2934 1787 2998 solum
1831 2932 2089 2998 Bacidis
2131 2934 2575 2999 vaticiniorum
2618 2934 2734 3001 sed

392 3034 587 3101 etiam
632 3054 849 3101 eorum
891 3024 1038 3100 fere
1070 3035 1381 3115 omnium,
1428 3054 1692 3116 quorum
1735 3033 1915 3100 fictos
1957 3041 2248 3101 auctores
2290 3036 2529 3118 profert
2570 3038 2734 3102 Pau-

391 3136 609 3202 sanias
666 3137 783 3218 (X,
850 3139 1003 3217 12),
1079 3134 1500 3201 confectorem
1571 3142 1683 3200 aut
1736 3142 1908 3201 certe
1963 3135 2391 3202 confectorum
2446 3137 2529 3202 ab
2587 3138 2734 3204 aliis

389 3238 912 3321 interpolatorem
956 3241 1041 3316 (v.
1072 3237 1376 3303 Herodot.
1402 3238 1546 3319 VII,
1579 3241 1663 3314 6.)
1698 3236 1986 3320 suspicor
2012 3236 2208 3303 fuisse
2237 3237 2729 3304 Onomacritum.

393 3338 877 3424 Comparandus
921 3340 1040 3405 erit
1080 3339 1273 3422 igitur
1314 3360 1456 3405 cum
1499 3359 1733 3422 magno
1759 3339 2105 3422 impostore
2132 3339 2446 3406 Michaele
2473 3340 2734 3407 Nostra-

394 3441 603 3523 dam0‚
651 3461 838 3524 quem
883 3440 1330 3507 Schleidenius
1374 3441 1666 3518 (Studien
1717 3462 1781 3525 p.
1827 3444 1997 3517 273.)
2041 3442 2504 3525 astrologorum
2548 3462 2732 3526 supe-

390 3544 644 3625 riorum,
687 3543 980 3627 inprimis
1021 3544 1195 3609 Petri
1222 3543 1607 3609 Alliacensis
1638 3541 2017 3625 CardinaliS‚
2064 3544 2305 3627 placita
2348 3544 2733 3611 carminibus

391 3643 754 3711 reddidisse
810 3644 1081 3709 coniecit
1135 3645 1585 3711 verisimiliter.
1686 3642 2160 3711 Onomacritum
2176 3693 2193 3727 ,
2266 3646 2320 3710 si
2384 3646 2733 3711 maximam

391 3753 640 3831 partem
710 3745 1155 3811 vaticiniorum
1226 3747 1498 3813 confecit
1558 3747 1730 3830 ipse,
1806 3748 1997 3813 etiam
2053 3747 2298 3823 Eucli¹)
2356 3754 2420 3814 et
2474 3747 2733 3815 Bacidis

391 3849 687 3930 nomina,
749 3848 977 3931 quibus
1019 3868 1207 3914 nemo
1250 3869 1403 3915 usus
1447 3855 1546 3914 est
1588 3847 2008 3931 Graecorum,
2068 3849 2328 3915 finxisse
2385 3850 2732 3916 verisimile

392 3956 522 4031 est,
580 3955 649 4014 ut
703 3950 1047 4015 multarum
1103 3957 1386 4016 aetatum
1441 3951 1910 4034 multarumque
1961 3950 2345 4019 Graecarum
2382 3952 2730 4035 'regionum

390 4050 697 4116 vaticinia
751 4071 870 4117 sua
926 4069 1066 4117 esse
1122 4052 1468 4119 simularet.
1569 4052 1783 4134 Atque
1853 4054 2124 4118 alterum
2193 4051 2437 4118 fatidici
2498 4053 2731 4118 nomen

393 4153 547 4236 quid
604 4152 917 4237 significet
971 4153 1235 4236 planum
1292 4161 1422 4238 est3
1495 4153 1757 4220 Bacidis
1827 4174 1979 4220 vero
2049 4174 2285 4221 nomen
2355 4176 2486 4220 non
2542 4153 2733 4237 pauci

529 4373 563 4435 ¹)
601 4373 674 4422 De
710 4373 803 4421 hoc
843 4389 886 4423 v.
926 4372 1142 4422 Lobeck.
1183 4372 1422 4437 Aglaoph.
1460 4389 1509 4438 p.
1544 4376 1657 4425 299.
