3499 5219
1686 415 2249 478 —292—--

789 586 1142 670 potuerint,
1201 604 1322 668 ego
1366 590 1678 668 exputare
1719 604 1978 667 prorsus
2031 602 2164 648 non
2219 582 2429 666 potui,
2484 581 2906 666 inprimisque
2946 584 3160 650 miror·

786 686 1253 753 Schneiderum
1294 693 1575 752 monstro
1620 685 2053 769 supplementi
2108 684 2390 750 historici
2449 683 2572 749 sibi
2617 683 3134 750 satisfacientem.

788 790 892 854 Ita
947 790 1118 855 enim
1172 790 1317 855 ille:
1375 789 1755 872 relinquitur
1808 789 2001 872 igitur
2065 787 2206 853 sola
2259 786 2471 868 Pighii
2526 786 2965 869 interpretatio
2981 835 2999 869 ‚
3067 796 3140 854 ut

790 891 1077 956 dicamus
1122 888 1191 955 Ο.
1236 890 1551 955 Licinium
1596 889 1897 956 Crassum
1940 909 2278 956 revocasse
2321 890 2533 971 legem
2577 888 2810 953 Licinii
2851 888 3134 957 Stolonis

790 993 873 1059 de
916 993 1106 1058 modo
1150 1013 1448 1074 agrorum
1492 1012 1534 1058 a
1576 993 1717 1058 cive
1772 1012 2036 1057 romano
2086 990 2619 1075 possidendorum
2661 991 2768 1056 vel
2823 991 3001 1074 plebi
3042 992 3137 1056 di-

787 1094 1211 1159 videndorum
1256 1113 1458 1176 eaque
1499 1094 1647 1177 lege
1690 1094 1881 1159 simul
1923 1113 2163 1159 morem
2207 1092 2539 1176 antiquum
2582 1113 2725 1158 cum
2769 1095 3007 1177 populo
3051 1114 3133 1160 ex

782 1198 1026 1280 templo
1071 1195 1308 1279 agendi
1348 1196 1715 1261 innovasse.
1789 1195 1897 1261 Sic
1937 1194 2387 1261 Schneiderus.
2470 1195 2629 1260 Mihi
2671 1214 2824 1260 vero
2869 1195 3133 1260 dubium

785 1319 919 1363 non
964 1304 1091 1380 est,
1140 1298 1494 1364 Varronem
1548 1303 1817 1381 utroque
1871 1299 2013 1373 loco
2071 1297 2154 1363 de
2197 1316 2324 1361 uno
2370 1295 2726 1379 eodemque
2770 1294 2838 1361 Ο.
2885 1297 3131 1362 Licinio

733 1448 736 1449 ν
784 1400 1054 1467 Stolone
1094 1399 1289 1483 loqui.
1348 1399 1454 1465 Sic
1484 1399 1657 1466 enim
1685 1400 2063 1483 legendum:
2109 1419 2291 1461 unum
2322 1400 2495 1460 cuius
2529 1400 2798 1461 maiores
2841 1399 2917 1460 dc
2946 1399 3129 1460 modo

793 1504 941 1585 ayri
980 1504 1173 1585 lcqem
1219 1503 1510 1565 tulerunt.
1586 1500 1759 1563 Nam
1805 1500 2085 1565 Stolonis
2127 1502 2236 1562 illa
2281 1501 2393 1562 lcoe
2435 1509 2599 1562 vetat
2638 1500 2783 1583 plus
2813 1499 2883 1562 D
2914 1501 3130 1583 z‘nqora

784 1604 1017 1669 habero
1060 1606 1249 1666 civem
1294 1623 1637 1675 romanum,
1685 1613 1765 1680 ct,
1813 1605 1924 1688 qui
1939 1612 2213 1687 propter
2245 1602 2623 1685 diliqentiam
2668 1602 2949 1664 culturae
2983 1600 3130 1664 Sto-

788 1707 994 1769 lonum
1039 1705 1433 1790 confirmavit
1473 1725 1826 1789 coquomcn,
1874 1705 2046 1790 quod
2082 1705 2286 1767 nullus
2330 1706 2393 1766 in
2437 1705 2568 1766 eius
2590 1702 2809 1786 fundo
2852 1706 3132 1787 reperiri

782 1817 1045 1893 poterat
1084 1809 1277 1885 stolo,
1336 1808 1507 1891 quod
1546 1806 1885 1890 effodiebat
1942 1808 2175 1868 circum
2233 1805 2494 1868 arbores
2536 1827 2571 1868 c
2612 1804 2928 1868 radicibus
2971 1826 3128 1889 quac

784 1919 1192 1972 nascerentur
1235 1931 1269 1971 e
1312 1911 1447 1973 solo
1492 1931 1647 1994 quos
1688 1909 1961 1971 stolones
2015 1907 2442 1993 appellabant,
2503 1907 2772 1970 eiusdem
2811 1914 3013 1990 yemis
3058 1906 3122 1971 C.

784 2010 1090 2088 Licinius,
1137 2011 1419 2074 tribunus
1441 2011 1545 2095 ‘pL
1593 2031 1729 2073 cum
1774 2020 1937 2073 esset
1968 2019 2118 2094 post
2157 2031 2337 2092 reyes
2377 2019 2637 2071 emactos
2671 2011 2848 2071 annis·
2884 2008 3056 2081 CXL
3075 2009 3137 2071 V

786 2114 1030 2196 primu-s·
1062 2113 1366 2197 populum
1410 2113 1496 2175 ad
1536 2114 1701 2196 loyes
1744 2112 2142 2196 accz‘pinndas
2170 2114 2233 2174 in
2263 2120 2440 2196 septa
2462 2110 2764 2194 forensia
2807 2133 2841 2173 6
2879 2116 3125 2174 comitio

788 2214 1020 2276 cduaeit.

953 2314 1130 2381 Haec
1182 2314 1374 2397 igitur
1426 2336 1596 2381 nunc
1652 2315 2032 2398 singillatim
2088 2313 2425 2380 tractanda
2465 2321 2629 2379 sunt.
2717 2315 2813 2380 Ac
2855 2315 3127 2398 primum

786 2417 1043 2499 quidem
1088 2416 1258 2499 quod
1288 2416 1491 2481 Varro
1536 2417 1689 2482 dicit
1730 2417 2006 2482 maiores
2036 2417 2267 2482 Licinii
2297 2419 2509 2499 legem
2537 2416 2856 2497 agrariam
2885 2418 3124 2499 tulisse,

784 2518 922 2583 noli
964 2524 1191 2601 putare
1235 2539 1349 2602 pro
1392 2519 1472 2584 iis
1516 2520 1709 2601 loqui,
1756 2519 1865 2601 qui
1909 2517 1976 2583 Ο.
2021 2518 2337 2583 Licinium
2368 2518 2696 2583 Stolonem
2741 2525 2805 2583 61
2850 2517 2920 2583 Ο.
2964 2520 3127 2584 Lici·

784 2621 961 2686 nium
1033 2620 1328 2687 Crassum
1394 2643 1436 2686 a
1500 2622 1788 2686 Varrone
1849 2620 2126 2702 intelligi
2192 2620 2612 2704 arbitrantur'3
2686 2628 2908 2687 contra
2971 2642 3125 2688 vero

783 2723 1089 2805 aequales
1132 2722 1329 2789 fuisse
1373 2743 1483 2789 eos
1525 2723 1837 2804 Licinios‚
1888 2721 1968 2787 de
2011 2723 2240 2804 quibus
2284 2722 2486 2786 Varro
2529 2729 2835 2805 tanquam
2878 2725 3127 2790 maiori-

784 2824 904 2890 bus
935 2823 1003 2889 Ο.
1034 2824 1265 2890 Licinii
1294 2825 1593 2907 Stolonis,
1639 2823 1828 2889 amici
1873 2824 1988 2904 6111,
2034 2830 2271 2906 11101161,
2317 2844 2584 2907 pronum
2617 2831 2713 2890 661
2739 2826 3121 2909 perspicere.

774 2926 1173 3008 *Intelligitur
1214 2933 1430 2992 autem
1474 2933 1729 3011 praeter
1772 2925 1840 2991 Ο.
1886 2926 2199 2990 Licinium
2244 2926 2573 2991 Stolonem
2629 2927 3026 3009 potissimum
3067 2929 3123 2994 is

784 3026 975 3093 Caius
1018 3028 1320 3110 Licinius,
1366 3029 1474 3111 qui
1517 3048 1689 3093 anno
1734 3026 1814 3093 U.
1863 3026 1931 3091 Ο.
1979 3026 2449 3092 CCCLXXVII
2507 3028 2795 3093 tribunus
2853 3030 3123 3094 militum

782 3129 1134 3195 consulari
1162 3136 1479 3213 potestate
1536 3137 1600 3195 et
1654 3148 1827 3194 anno
1886 3127 2423 3195 CCCLXXXVII
2477 3130 2784 3212 magister
2841 3131 3122 3214 equitum

780 3229 917 3295 fuit.
1005 3231 1107 3295 De
1149 3231 1271 3296 hoc
1315 3232 1483 3297 enim
1525 3231 1619 3296 ita
1661 3233 1737 3295 T.
1783 3230 2004 3295 Livius
2049 3229 2159 3309 VI,
2206 3233 2339 3295 39.:
2408 3231 2519 3313 „R
2565 3232 2840 3298 Manlius
2884 3233 3120 3299 deinde

784 3330 1059 3396 dictator
1099 3351 1234 3398 rem
1279 3332 1587 3415 (agrarias
1626 3332 2015 3415 rogationes)
2060 3332 2128 3396 in
2188 3351 2447 3399 causam
2501 3334 2710 3417 plebis
2769 3335 3120 3418 inclinavit,

784 3430 855 3497 Ο.
900 3432 1182 3515 Licinio,
1248 3434 1356 3516 qui
1410 3434 1700 3499 tribunus
1756 3434 2031 3498 militum
2072 3433 2306 3516 fuerat,
2367 3434 2671 3517 magistro
2716 3438 2998 3517 equitum
3039 3437 3122 3504 de

783 3534 975 3616 plebe
1018 3534 1256 3600 dicto.“
1340 3538 1406 3602 Is
1446 3536 1641 3619 igitur
1682 3556 1724 3600 a
1776 3535 2002 3618 gentili
2058 3557 2171 3601 suo
2232 3535 2300 3601 Ο.
2347 3536 2612 3602 Stolone
2665 3537 2732 3602 in
2789 3539 3118 3604 consilium

783 3635 1107 3702 adhibitus
1151 3656 1284 3702 rem
1328 3638 1678 3704 confecisse
1720 3637 1896 3720 apud
1938 3638 2346 3720 magistratus
2390 3637 2660 3703 videtur.
2721 3639 2938 3705 Verba
2965 3640 3118 3704 Var-

783 3738 958 3803 ronis
1003 3738 1324 3817 „Stolonis
1365 3740 1476 3802 illa
1520 3740 1673 3802 leoe“
1714 3739 1879 3804 nihil
1922 3736 2299 3821 significant,
2346 3759 2535 3821 quam
2580 3741 2732 3823 „lex
2774 3761 2940 3824 quae
2982 3742 3119 3808 Sto-

783 3838 952 3904 lonis
994 3841 1254 3907 nomine
1295 3840 1536 3922 venit“‚
1594 3842 1707 3904 das
1748 3840 2120 3904 stolonisclze
2168 3838 2428 3918 Gesetz‚
2471 3861 2679 3925 neque
2722 3843 2921 3907 ullam
2980 3862 3116 3926 per-

781 3960 983 4006 sonae
1038 3941 1273 4008 tribuni
1314 3943 1545 4008 Licinii
1558 3991 1575 4025 ,
1633 3942 1814 4008 cuius
1870 3949 2097 4027 postea
2149 3942 2386 4007 mentio
2442 3943 2746 4026 iniicitur,
2807 3945 3117 4010 rationem

780 4040 1041 4108 habent.
1128 4042 1338 4128 Atque
1381 4044 1451 4111 Ο.
1508 4045 1826 4111 Licinium
1887 4064 2080 4128 quum
2136 4045 2403 4107 eiusdem
2457 4045 2668 4129 gentis
2722 4066 2864 4113 6666
2920 4046 3116 4111 Varro

784 4141 956 4226 dicit,
1017 4163 1149 4211 non
1189 4146 1276 4212 ad
1319 4147 1648 4214 Stolonem
1689 4147 2040 4229 Licinium,
2098 4145 2205 4229 qui
2260 4145 2438 4228 leges
2492 4148 2780 4231 agrarias
2835 4147 3112 4234 pertulit,

780 4245 1183 4312 referendum
1238 4257 1405 4332 erat,
1464 4249 1582 4317 sed
1636 4248 1725 4316 ad
1782 4247 1852 4314 Ο.
1907 4247 2091 4314 11111111
2144 4246 2458 4313 Licinium
2513 4249 2840 4316 Stolonem
2854 4298 2871 4332 ,
2929 4269 3115 4333 quem

784 4344 1107 4430 dialogum
1149 4352 1449 4418 rusticum
1491 4371 1707 4422 secum
1746 4349 2097 4418 instituisse
2140 4349 2340 4415 Varro
2382 4348 2583 4416 finxit.
