3499 5219
1268 383 1833 447 ——213--

452 542 641 629 ’Ἐκτῃ
687 544 752 607 δ’
799 547 864 608 ἓν
904 554 1075 631 γενεῇ
1104 550 1318 631 (φησὶν
1343 545 1626 632 Ὀρφεύς)
1668 549 2105 614 καταπαύσατε
2151 551 2383 631 κόσμον
2424 550 2644 635 ἀοιδῆς

379 703 573 768 quum
615 683 960 750 verisimile
1003 685 1086 751 sit
1129 685 1456 770 Orphicum
1499 706 1756 753 versum
1796 686 1995 755 fuisse
2038 689 2310 756 similem
2352 688 2532 758 huic:

840 811 1026 904 Ἓκτῃ
1072 815 1136 881 δ’
1182 819 1246 881 ἓν
1286 826 1455 904 γενεῇ
1496 816 1657 902 λήξει
1703 819 1934 902 κόσμος
1972 819 2229 901 βιότοιο.

375 958 623 1032 Βίοτος
670 957 842 1024 enim
886 963 984 1022 est
1024 935 1309 1025 terrestis
1348 959 1501 1023 vita.

547 1058 799 1124 Finitur
836 1058 1032 1144 igitur
1071 1059 1345 1126 circulus
1385 1060 2018 1127 transformationum
2068 1068 2253 1129 sexta
2294 1069 2506 1129 aetate
2520 1112 2536 1145 ,
2597 1084 2726 1147 qua
2843 1116 2859 1123 .,

375 1166 549 1226 recte
602 1168 865 1245 peracta
916 1161 1086 1228 inter
1137 1161 1362 1245 genios
1414 1156 1792 1244 (ἡμιθέους,
1827 1162 2204 1244 valueras,
2265 1161 2583 1249 φύλακας)
2626 1186 2722 1233 re-

376 1269 595 1346 ceptas
637 1282 780 1330 esse
822 1264 1071 1329 animas
1115 1263 1462 1330 verisimile
1504 1270 1634 1348 est,
1692 1265 1917 1348 quales
1957 1265 2153 1331 etiam
2195 1266 2416 1348 statuit
2456 1269 2725 1351 antiqua

373 1365 776 1449 mythologia
827 1365 1002 1450 apud
1044 1365 1396 1431 Hesiodum
1446 1363 1567 1450 Op.
1617 1370 1735 1431 122
1781 1386 1876 1449 sq.
1960 1366 2041 1432 In
2094 1365 2218 1433 hoc
2270 1373 2485 1434 autem
2540 1368 2723 1438 diffe-

373 1467 557 1533 rebat
610 1467 1017 1553 Pythagorae
1074 1468 1290 1550 opinio
1348 1467 1432 1533 ab
1490 1465 1908 1552 Orphicorum
1979 1470 2301 1536 sententia
2370 1470 2542 1553 quod
2605 1472 2721 1539 ille

372 1569 630 1636 animae
688 1570 1227 1636 immortalitatem
1282 1575 1588 1651 tanquam
1647 1569 1908 1637 divinae
1958 1570 2337 1655 particulam
2394 1591 2589 1639 aurae
2638 1593 2722 1639 ex

371 1672 815 1754 procreatione
869 1671 1131 1738 deorum
1186 1671 1637 1737 immortalium
1694 1670 2060 1755 derivabat,
2129 1673 2197 1738 hi
2251 1679 2464 1740 autem
2523 1674 2723 1741 unde-

372 1793 624 1856 cunque
667 1793 751 1841 ex
791 1773 1013 1840 afflatu
1055 1779 1409 1856 ventorum,
1462 1780 1532 1839 ut
1574 1774 1955 1841 Aristoteles
1998 1774 2232 1857 docuit,
2277 1771 2347 1841 ἐκ
2389 1777 2506 1839 τοῦ
2553 1770 2715 1841 ὅλου

373 1882 545 1941 ortas
589 1894 731 1942 esse
775 1874 1173 1942 dictitabant.

543 1976 765 2042 Novas
822 1978 1015 2044 etiam
1071 1977 1512 2060 cosmogonias
1569 1997 1807 2061 easque
1872 1985 2007 2043 tam
2071 1977 2463 2060 antiquiores
2527 2000 2719 2065 quam

369 2078 754 2162 posteriores
796 2079 879 2145 ab
917 2077 1211 2163 Orphicis
1254 2078 1526 2145 traditas
1569 2098 1711 2146 esse
1753 2079 1883 2144 iam
1927 2098 2122 2162 supra
2164 2078 2318 2144 dixi.
2391 2081 2723 2148 Novorum

371 2181 543 2246 enim
599 2181 861 2247 deorum
924 2201 1256 2247 numerum
1328 2201 1631 2265 magnum
1703 2180 2259 2264 excogitaverunt,
2333 2180 2417 2248 de
2487 2184 2723 2267 quibus

368 2283 574 2348 multa
623 2283 812 2349 nobis
865 2282 1102 2349 tradita
1156 2290 1337 2365 sunt,
1396 2304 1437 2347 a
1479 2281 1810 2349 Lobeckio
1866 2288 2005 2348 arte
2061 2281 2349 2348 collecta.
2437 2283 2724 2355 Nomina

366 2389 584 2452 autem
635 2404 855 2451 eorum
911 2403 994 2450 ex
1048 2384 1190 2468 ipso
1245 2402 1475 2468 graeco
1518 2401 1814 2451 sermone
1844 2382 2246 2468 explicanda
2287 2392 2435 2450 sunt
2480 2389 2719 2453 omnia.

367 2486 600 2569 Vnum,
645 2487 1086 2570 Ericapaeum‚
1145 2486 1253 2570 qui
1294 2487 1716 2570 posteriorum
1762 2484 2179 2569 Orphicorum
2223 2493 2340 2570 est,
2387 2488 2721 2572 excipiunt

364 2587 502 2657 fere
544 2608 784 2670 omnes,
831 2589 939 2672 qui
980 2588 1080 2655 de'
1104 2588 1207 2654 his
1248 2588 1442 2657 rebus
1484 2594 1935 2673 exposuerunt,
1980 2588 2215 2672 Zoega,
2259 2587 2713 2675 Schellingius,

365 2691 695 2774 Boethius,
742 2691 1245 2774 Schoemannus,
1291 2689 1687 2758 Gerhardius
1728 2689 1862 2755 alii.
1928 2690 2030 2755 Ex
2070 2691 2230 2756 locis
2273 2692 2504 2773 quibus
2547 2712 2721 2759 com-

367 2800 757 2859 memoratur
808 2794 930 2858 hoc
982 2811 1221 2859 numen
1275 2811 1317 2859 a
1372 2792 1701 2858 Lobeckio
1764 2791 2045 2857 laudatis
2098 2791 2460 2858 adscribam
2515 2815 2716 2859 unum

366 2894 644 2961 Cedreni
702 2900 788 2979 (p.
834 2897 979 2959 479.
1035 2895 1255 2972 Lob.):
1312 2889 1611 2977 ’Έφρασε
1667 2893 1738 2958 δὲ
1800 2887 1861 2972 (ὅ
1914 2887 2211 2976 Ὀρφεύς)
2272 2889 2378 2957 ὅτι
2434 2892 2509 2956 τὸ
2566 2897 2715 2980 φῶς

365 2996 566 3081 ῥῆξαν
622 2992 737 3060 τὸν
794 2994 1039 3077 αἰθέρα
1096 2993 1383 3079 ἐφώτισε
1446 2993 1562 3079 τὴν
1615 2998 1812 3078 γαῖαν
1872 2991 2080 3059 εἰπών
2141 2993 2348 3059 ἐκεῖνο
2407 2987 2574 3060 εἶναι
2632 2994 2718 3059 τὸ

366 3101 537 3182 φῶς
593 3096 670 3162 τὸ
731 3098 929 3183 ῥῆξαν
986 3095 1101 3161 τὸν
1153 3097 1399 3182 αἰθέρα
1441 3097 1556 3161 τὸν
1600 3091 1969 3176 ὑπέρτατον
2015 3094 2316 3160 πάντων·
2375 3084 2452 3160 οὗ
2499 3092 2710 3177 ὄνομα

357 3193 637 3284 Ὀρφεὺς
681 3196 964 3276 ἀκούσας
1009 3198 1077 3265 ἐκ
1120 3201 1236 3285 τῆς
1277 3205 1590 3280 μαντείας
1633 3197 1885 3277 ἐξεῖπε,
1944 3200 2174 3279 Μῆτιν
2228 3195 2388 3275 (τὸν
2433 3199 2714 3282 Μῆτιν),

371 3298 665 3387 Φάνητα,
705 3295 1163 3383 Ἠρικαπαῖον,
1213 3296 1378 3380 ὅπερ
1426 3298 1843 3384 ἑρμηνεύεται
1871 3296 2094 3385 βουλή,
2144 3299 2307 3384 φῶς,
2357 3298 2716 3385 ζωοδοτήρ.

362 3408 452 3474 At
493 3426 647 3472 vero
693 3424 885 3488 quum
928 3405 1155 3487 Μῆτις
1200 3411 1265 3470 et
1312 3401 1536 3487 Φάνης
1594 3402 1683 3468 dii
1739 3402 2091 3468 rectissime
2151 3420 2232 3467 ex
2290 3421 2523 3484 graeco
2580 3422 2715 3470 ser-

362 3528 556 3574 mone
598 3507 900 3592 explicati
943 3507 1100 3589 sint,
1159 3505 1315 3591 quid
1357 3505 1635 3572 adducet
1676 3525 1796 3570 nos
1810 3552 1827 3586 ‚
1877 3494 1946 3569 u't
1988 3504 2157 3570 tertii
2198 3504 2479 3570 numinis
2522 3504 2713 3588 origi—

363 3611 691 3676 nationem
756 3628 838 3675 ex
899 3608 1178 3674 barbara
1240 3608 1516 3691 quadam
1583 3607 1808 3690 lingua
1871 3606 2263 3690 explicemus
2277 3603 2312 3669 ‘a’
2397 3605 2711 3673 Boethius

365 3713 475 3790 (II.
521 3732 583 3795 p.
616 3715 733 3777 661
769 3711 944 3788 Not.)
988 3717 1058 3776 ut
1099 3711 1265 3777 solet
1309 3730 1390 3776 ex
1432 3709 1732 3796 aegyptio
1763 3727 2056 3775 sermone
2087 3706 2411 3792 explicare
2440 3715 2708 3774 conatus

364 3821 461 3880 est
517 3815 709 3895 idque
765 3819 1006 3878 certum
1062 3831 1204 3880 esse
1259 3811 1550 3878 affimat.
1636 3809 1806 3890 Quin
1860 3808 2203 3893 imaginem
2248 3808 2385 3875 eius
2426 3810 2709 3876 numinis

364 3935 445 3982 ex
500 3916 806 4000 aegyptia
858 3913 1255 3999 mythologia
1312 3920 1617 3998 tanquam
1680 3912 1887 3997 pictor
1951 3909 2039 3976 ad
2091 3910 2310 3976 vivum
2371 3910 2708 3977 describit:

362 4017 561 4099 „Scin
605 4016 1163 4101 achtagyptisches
1205 4015 1608 4098 vieraugiges
1649 4012 2025 4098 geflflgeltes
2056 4012 2704 4097 Hieroglyphenbild,

361 4120 431 4185 in
482 4118 959 4202 mehrkopfiger
1007 4117 1262 4183 Urform
1318 4137 1435 4183 aus
1477 4114 1747 4183 Widder
1801 4114 1935 4181 und
1980 4114 2149 4180 Stier
2201 4114 2338 4179 und
2381 4115 2705 4198 Schlange

363 4221 496 4286 und
537 4221 734 4287 Lowe
788 4221 955 4287 nach
1008 4218 1153 4285 dem
1196 4219 1733 4303 regelrechtesten
1779 4216 1919 4302 Styl
1966 4214 2081 4281 der
2123 4215 2703 4300 symbolisirenden

363 4321 1068 4409 Hieroglyphenschrift
1122 4326 1731 4405 zusammengesetzt
1789 4317 1971 4386 ward
2012 4316 2083 4383 in
2125 4314 2253 4384 den
2298 4315 2543 4384 Versen
2587 4316 2704 4384 der
