3499 5219
1241 409 1807 485 -1'29—

343 592 564 671 (Creta
606 591 690 671 ΙΙ,
736 609 799 673 p.
852 591 1051 670 113.),
1109 587 1219 672 qui
1260 589 1673 654 Plutarehum
1716 589 2084 675 Pyanepsia
2133 589 2288 657 dieit
2327 591 2691 660 eonfudisse

343 713 493 757 eum
523 692 909 774 Thargeliis,
956 705 1123 773 quae
1163 683 1657 772 celebrabantur
1682 692 1854 757 Maio
1882 699 2122 758 mense.
2193 692 2326 759 Sed
2358 713 2442 759 ne
2469 705 2689 762 verum

343 794 609 878 quidem
652 800 767 875 est,
815 791 986 876 quod
1027 785 1212 857 multi
1255 791 1702 858 eoneluserunt
1744 809 1829 859 ex
1856 793 2220 861 Scholiasta
2246 795 2525 882 quodam
2553 797 2691 863 Ari·

343 896 684 980 stephanis
726 897 844 977 Eq.
893 896 1035 960 739.
1083 895 1156 967 et„
1187 893 1391 960 Suida
1404 941 1421 977 ,
1481 892 1888 961 eireumlatas
1943 915 2086 963 esse
2139 893 2449 965 iresionas
2496 898 2689 965 etiam

343 998 735 1081 Thargeliis.
795 992 1075 1075 ’Ἀλλως,
1121 995 1214 1062 sie
1254 995 1384 1077 ille,
1431 991 1854 1076 Πυανεψίοις
1894 997 2001 1062 καὶ
2052 996 2450 1084 Θαργηλίοις
2484 994 2687 1086 Ἡλίῳ

345 1097 464 1166 καὶ
494 1094 726 1182 Ὥραις
770 1096 1191 1180 ἑορτάζουσιν
1227 1093 1604 1182 Ἀθηναῖοι.
1673 1102 1953 1185 φέροι·οι
2009 1098 2081 1164 δὲ
2136 1098 2202 1165 οἱ
2254 1100 2496 1181 παῖδες
2535 1099 2690 1179 τούς

342 1226 421 1267 τε
466 1198 761 1277 θαλλοὺς
807 1198 1010 1283 ἐρίοις
1049 1198 1664 1286 περιειλημμένους,
1726 1194 1891 1265 ὅθεν
1950 1198 2323 1283 εἰρεσιώναι
2369 1202 2685 1287 λέγονται,

344 1297 458 1367 καὶ
502 1300 774 1379 τούτους
804 1299 936 1384 πρὸ
966 1304 1097 1367 τῶν
1127 1302 1356 1385 θυρῶν
1386 1301 1730 1384 κρεμῶσιν.
1780 1295 2122 1390 ἐξήρτηντο
2154 1302 2229 1370 δὲ
2255 1291 2387 1370 τῶν
2416 1307 2687 1371 θαλλῶν

345 1404 421 1470 αἱ
482 1392 667 1487 ὧραι.
761 1405 990 1488 (Ilgen.
1052 1404 1095 1468 1.
1156 1406 1200 1469 ι.
1257 1427 1319 1489 p.
1372 1409 1510 1469 141.
1569 1401 1655 1468 τὰ
1712 1397 1927 1485 ώρατᾱ
1981 1403 2255 1484 πάντα.)
2335 1406 2429 1473 cf.
2475 1407 2689 1474 schot.

343 1507 670 1590 Aristoph.
728 1507 893 1571 Plut.
945 1507 1125 1573 1055.
1228 1508 1433 1573 Nemo
1491 1505 1664 1573 enim
1727 1512 1984 1590 praeter
2048 1507 2219 1574 hune
2277 1510 2685 1575 scholiastam

349 1616 417 1675 et
459 1609 566 1691 qui
608 1628 690 1674 ex
735 1608 962 1675 eodem
1005 1605 1179 1672 fonte
1220 1608 1452 1691 hausit,
1498 1607 1767 1673 Suidam
1780 1655 1797 1690 ,
1854 1609 2016 1674 dixit
2058 1609 2405 1694 Thargelia
2445 1610 2583 1678 Soli
2624 1617 2690 1677 et

347 1712 539 1776 Horis
595 1709 793 1776 fuisse
847 1725 1062 1792 saera,
1121 1725 1287 1792 quae
1340 1709 1596 1777 fuerunt
1648 1709 1974 1793 Apollinis
2030 1715 2096 1779 et
2147 1713 2429 1796 Dianae,
2498 1725 2688 1779 nemo

343 1811 732 1895 Thargeliis,
780 1812 1009 1894 quibus
1051 1810 1343 1878 lustratio
1385 1810 1580 1878 fiebat
1623 1811 2130 1895 Atheniensium,
2183 1813 2452 1882 usitatas
2492 1814 2689 1886 fuisse

337 1915 674 1995 iresionas,
722 1935 887 1997 quae
930 1913 1016 1979 ad
1059 1913 1381 1978 Theseum
1423 1913 1627 1978 solum
1672 1913 2015 1996 pertinent.
2087 1916 2314 1998 Neque
2354 1916 2686 2000 quisquam

337 2017 693 2083 Proerosiis
735 2016 916 2082 festis
958 2014 1282 2081 traductas
1324 2032 1469 2081 esse
1508 2013 1832 2081 Iresionas
1885 2017 2220 2099 perspicue
2269 2015 2460 2100 dixit,
2518 2018 2689 2102 quod

339 2119 584 2184 factum
644 2137 786 2184 esse
842 2116 1128 2200 Ilgehius
1192 2116 1420 2183 docere
1482 2121 1749 2183 conatus
1808 2124 1922 2184 est.
2023 2115 2170 2182 Non
2243 2119 2414 2184 enim
2485 2121 2690 2186 omnis

341 2219 781 2303 thallophoria
823 2226 921 2286 est
953 2217 1248 2285 iresiona.
1320 2217 1522 2301 Igitur
1550 2217 1915 2301 sequendus
1943 2220 2063 2285 erit
2090 2219 2262 2286 solus
2290 2221 2688 2305 Plutarchus,

343 2322 456 2405 qui
500 2321 588 2386 ad
616 2320 984 2406 Pyanepsia
1009 2320 1335 2405 publicam
1361 2320 1705 2386 iresionam
1733 2321 2058 2404 pertinere
2086 2322 2343 2389 uberius
2373 2309 2687 2409 exposuit.

516 2424 645 2488 Res
690 2429 825 2488 tota
867 2421 1060 2504 igitur
1090 2419 1194 2489 ‚ita
1233 2420 1525 2488 instituta
1564 2427 1663 2489 est
1689 2422 1873 2516 apud·
1895 2422 2340 2490 Athenienses.
2404 2424 2687 2509 Septimo

343 2524 816 2608 Pyanepsionis
860 2523 967 2589 die
1008 2522 1282 2607 primum
1325 2523 1740 2609 oschophoria
1772 2523 2044 2591 Athenis
2082 2524 2326 2609 publice
2366 2527 2689 2594 celebrata

344 2632 497 2692 sunt
536 2627 605 2691 in
648 2626 954 2692 honorem
999 2624 1258 2708 Baeehi,
1305 2626 1541 2694 deinde
1582 2626 1944 2712 Pyanepsz’a
1964 2629 2006 2706 ¹)
2050 2628 2118 2693 in
2159 2628 2465 2695 honorem
2493 2629 2689 2715 Apol-

342 2729 498 2794 linis
555 2727 890 2812 Delphinii
944 2733 1136 2810 atque
1188 2727 1258 2793 id
1315 2728 1571 2810 quidem
1626 2735 1760 2794 tam
1818 2730 2136 2796 communi
2199 2749 2403 2813 eaque
2456 2731 2689 2815 frugali

347 2850 551 2897 eoena
581 2850 771 2913 quam
801 2829 1170 2895 eireumlata
1199 2829 1493 2913 primum,
1536 2837 1600 2895 et
1628 2828 1927 2896 dedicata
1954 2831 2216 2897 tandem
2245 2831 2332 2897 ad
2358 2834 2685 2917 templum,

343 2932 639 2998 iresione.
716 2932 1221 2998 celebrabantur
1262 2931 1454 3014 igitur
1497 2931 1658 2996 haee
1702 2930 1830 2998 duo
1872 2933 2038 2998 festa
2066 2932 2293 2999 eodem
2323 2932 2446 3015 die,
2493 2954 2687 3017 quan-

345 3053 541 3116 quam
596 3034 867 3100 diversis
922 3033 1047 3099 diis
1104 3032 1420 3099 dedicata.
1520 3031 1777 3099 Deinde
1832 3040 1980 3116 post
2020 3033 2257 3100 Thesei
2311 3042 2577 3101 mortem
2617 3036 2687 3101 in

344 3136 654 3202 honorem
697 3136 885 3201 huius
930 3135 1121 3200 etiam
1166 3139 1572 3200 consecratus
1616 3140 1713 3200 est
1743 3134 1881 3200 dies
1912 3141 2173 3200 octavus
2201 3135 2686 3220 Pyanepsionis.

344 3237 456 3304 Sic
484 3237 654 3303 enim
684 3238 851 3302 Plut.
882 3238 1075 3302 TheS.
1109 3239 1209 3301 36.
1256 3239 1504 3299 θυσίαν
1551 3233 1622 3300 δὲ
1666 3237 1979 3300 ποιοῦσιν
2025 3228 2201 3320 αὖτῷ
2235 3233 2351 3323 τὴν
2378 3244 2685 3324 μεγίστην

347 3330 545 3423 ὀγδόῃ
600 3338 1084 3419 Πυανεψιῶνος
1144 3334 1209 3401 ἐν
1269 3322 1322 3420 ᾧ
1379 3336 1494 3417 (sie
1551 3336 1898 3420 legendum
1953 3344 2051 3403 est
2105 3358 2221 3422 pro
2280 3334 2347 3404 ἓν
2401 3326 2467 3424 ᾗ)
2521 3340 2687 3420 μετὰ

345 3439 479 3504 τῶν
535 3432 788 3523 ἠιθέων
850 3437 918 3503 ἐκ
975 3437 1235 3524 Κρήτης
1290 3436 1684 3524 ἐπανῆλθεν.
1785 3439 2183 3505 Dicebantur
2251 3446 2464 3507 autem
2527 3443 2688 3507 haee

342 3542 544 3623 festa,
592 3541 787 3606 biduo
832 3541 1185 3624 eelebrata,
1246 3541 1439 3607 etiam
1489 3538 1725 3602 Thesea
1770 3547 1854 3616 (v.
1899 3540 2112 3606 Sehol.
2156 3540 2478 3627 Aristoph.
2519 3542 2685 3609 Plut.

341 3648 492 3709 627.
541 3641 608 3706 ἐν
654 3645 795 3718 τοῖς
842 3645 1152 3727 Θησείοις
1198 3635 1465 3727 ἅθάραν
1510 3638 1773 3724 ἤσθιον.
1865 3640 1958 3707 Of.
2003 3641 2284 3727 Hesyeh.
2329 3662 2381 3710 s.
2424 3664 2486 3708 v.

519 3745 783 3810 Publiee
828 3745 1019 3810 etiam
1063 3744 1147 3810 ab
1176 3743 1677 3810 Atheniensibus
1720 3743 1995 3827 expiatis
2024 3744 2370 3828 Androgeo
2412 3745 2686 3812 honores

344 3845 556 3911 additi
593 3853 759 3929 sunt,
804 3847 942 3911 ludi
985 3847 1336 3913 eonseerati
1377 3846 1446 3910 in
1476 3843 1801 3911 Geramieo
1845 3850 1909 3908 et
1949 3844 2018 3909 in
2060 3844 2384 3930 puppibus
2424 3847 2685 3913 navium

343 3948 686 4013 atticarum
741 3949 993 4031 signum
1049 3948 1185 4015 eius
1243 3953 1520 4015 ereetum
1574 3953 1879 4030 tanquam
1928 3946 2217 4013 tutelaris
2259 3946 2470 4014 herois
2513 3945 2685 4029 (ἐπι-

347 4047 632 4133 κούρου),
679 4050 942 4134 ipseque
985 4049 1174 4117 heros
1217 4050 1555 4134 Eurygyes
1598 4048 1805 4114 dietus
1845 4066 1962 4130 pro
2005 4047 2369 4131 Androgeo.
2440 4048 2516 4113 V.
2559 4048 2683 4116 He-
2746 4091 2751 4097 ·

484 4286 519 4352 ¹)
561 4287 685 4338 Lex.
723 4288 848 4337 rhet.
898 4302 948 4351 p.
986 4286 1100 4338 246.
1151 4280 1373 4336 πάντων
1419 4279 1599 4335 ἐθνῶν
1647 4283 1680 4333 i.
1719 4299 1761 4334 e.
1810 4285 2021 4352 qentium
2069 4282 2413 4337 atheniensium
2459 4284 2682 4335 omnium

345 4371 506 4422 fuisse
540 4371 668 4422 festa
702 4370 999 4437 Pyanepsia.

2188 4455 2281 4506 12*
