3499 5219
1623 392 1722 398 ---
1813 357 1937 421 322
2024 393 2159 398 ---

692 531 913 596 nimis
969 530 1136 595 bene
1193 534 1575 592 conservata
1630 533 1834 591 erant.
1922 525 1999 590 V.
2058 526 2227 591 eius:
2287 530 2560 594 Travels
2616 531 2684 595 in
2729 533 3059 598 Northern

703 632 967 699 Greeee.
1026 629 1171 696 Vol.
1215 630 1335 710 111,
1382 649 1444 711 p.
1492 629 1637 692 245.

874 732 1176 798 Clarkius
1218 740 1284 798 et
1326 729 1611 797 Leakius
1654 737 1828 797 recte
1868 730 2267 796 intellexisse
2312 731 2638 814 videntur,
2691 734 2891 801 fuisse
2931 737 3060 801 hoc

702 834 1062 904 aedificium
1112 832 1297 915 quasi
1355 833 1714 916 propylaea
1770 831 2039 897 alicuius
2076 831 2249 914 sori.
2338 832 2717 916 Quanquam
2762 857 2895 902 non
2938 858 3059 920 pro

700 936 1081 1023 propylaeis
1122 934 1243 999 fori
1285 932 1689 1015 habendum,
1751 932 1868 999 sed
1927 953 2042 1016 pro
2099 934 2245 1016 ipsa
2295 935 2433 1001 eius
2475 944 2690 1019 porta,
2753 939 3060 1020 quemad-

703 1039 966 1105 modum
1020 1037 1214 1104 etiam
1269 1034 1445 1118 apud
1501 1036 1894 1118 antiquiores
1938 1034 2220 1101 Graecos
2274 1034 2551 1101 fororum
2603 1047 2790 1105 erant
2832 1048 3061 1123 portae

706 1148 793 1221 (v.
824 1138 1117 1224 Thucyd.
1147 1137 1259 1220 IV,
1313 1140 1499 1214 111.).
1572 1137 1710 1202 Hoc
1754 1144 1968 1202 autem
2009 1136 2147 1202 foro
2191 1138 2331 1204 sine
2376 1137 2572 1203 dubio
2614 1141 2754 1224 ipse
2785 1141 3059 1207 Cassan-

708 1242 823 1310 der
871 1261 1107 1306 novam
1151 1241 1402 1322 urbem,
1462 1246 1689 1323 postea
1745 1239 2128 1322 metropolin
2188 1240 2459 1321 dictam,
2521 1244 2819 1307 exornari
2874 1244 3062 1309 iussit

707 1346 774 1411 in
817 1343 1032 1410 medio
1077 1342 1232 1423 eius,
1278 1361 1506 1424 prosus
1550 1340 1743 1406 simili
1787 1340 1980 1404 modo
2024 1348 2218 1423 atque
2245 1342 2520 1407 Athenis
2549 1364 2784 1408 novum
2829 1345 3056 1427 forum,

613 1446 617 1450 ’
708 1447 886 1512 cuius
930 1445 1295 1511 etiamnunc
1337 1449 1523 1527 porta
1556 1443 1804 1524 reliqua
1832 1449 1947 1522 est,
1992 1442 2321 1510 Minervae
2348 1445 2742 1528 archegetidi
2771 1456 3058 1531 sacrata3

707 1566 919 1630 neque
960 1545 1290 1610 absimiles
1333 1550 1480 1610 sunt
1523 1544 1880 1627 parietinae
1908 1545 2154 1609 romani
2191 1545 2313 1609 fori
2341 1546 2511 1628 quod
2543 1546 2776 1612 dicitur
2805 1549 3063 1613 Nervae

708 1651 816 1718 vel
859 1646 1312 1714 transitorium.
1401 1646 1478 1711 V.
1509 1646 1587 1711 A.
1619 1646 1905 1712 Becker:
1950 1648 2405 1730 Topographie
2447 1669 2576 1712 von
2610 1650 2774 1713 Rom
2803 1670 2865 1733 p.
2901 1655 3060 1715 375:

709 1752 966 1836 „Wenn
1010 1770 1160 1814 man
1204 1769 1334 1812 von
1380 1746 1506 1813 den
1544 1748 1788 1814 Saulen
1830 1747 1946 1812 des
1976 1749 2148 1813 Mars
2178 1749 2365 1814 Ultor
2407 1749 2757 1815 kommend
2800 1787 2884 1797 ——
2923 1751 3063 1815 sich

709 1854 888 1919 links
945 1852 1010 1916 in
1070 1850 1178 1916 die
1235 1849 1359 1915 Via
1400 1849 1869 1915 Alessandrina
1925 1849 2214 1931 wendet‚
2276 1871 2346 1915 so
2406 1853 2653 1916 kommt
2700 1873 2853 1916 man
2914 1854 3066 1918 sehr

711 1954 869 2021 bald
914 1974 998 2019 an
1049 1952 1247 2016 zwei
1305 1949 2044 2018 tiefverschfittete
2099 1953 2676 2019 korinthische
2722 1954 3065 2036 Saulen⁷

714 2056 969 2122 deren
1040 2054 1183 2118 mit
1255 2052 1441 2118 sehr
1499 2054 2178 2119 verstflmmelten
2235 2054 2549 2119 Reliefs
2606 2055 3069 2120 verziertes

716 2156 1034 2223 Gebalk
1096 2155 1274 2220 eine
1316 2153 1601 2220 Attike
1645 2153 1926 2237 tragt.“
2014 2156 2164 2220 Fuit
2202 2154 2395 2238 igitur
2439 2157 2672 2221 Forum
2716 2156 3069 2222 Cassandri

715 2257 1247 2342 quadrilaterum,
1323 2256 1499 2321 cuius
1571 2257 1898 2339 praecipui
1970 2258 2266 2323 introitus
2336 2265 2520 2323 erant
2574 2258 3069 2323 intercolumnia

716 2361 1156 2426 columnarum
1216 2356 1687 2422 Corinthiarum
1746 2362 1902 2435 (non
1958 2359 2352 2440 striatarum,
2428 2358 2542 2424 sed
2600 2379 2745 2424 cum
2804 2359 3068 2425 basibus

715 2461 1109 2540 altioribus),
1185 2479 1549 2542 quanquam
1610 2460 1942 2542 aliquanto
2000 2463 2216 2543 plures
2273 2461 2425 2526 olim
2484 2461 2679 2526 fuisse
2737 2461 3069 2525 columnas

718 2584 910 2648 quam
954 2562 1235 2645 quinque
1278 2560 1725 2644 comprobatur
1767 2560 2126 2644 fragmento
2168 2562 2601 2647 inscriptionis
2643 2563 2713 2628 in
2743 2562 3067 2646 epistylio,

715 2666 909 2750 quod,
956 2664 1081 2730 nisi
1126 2664 1280 2728 olim
1323 2664 1546 2729 fuisset
1587 2664 1788 2729 multo
1830 2665 2104 2746 longius,
2150 2666 2469 2730 sententia
2510 2685 2769 2748 prorsus
2802 2671 3071 2730 careret.

718 2767 851 2836 Sed
894 2766 978 2832 de
1022 2786 1101 2832 ea
1140 2764 1555 2847 inscriptione
1598 2772 1825 2849 postea
1866 2766 2171 2831 dicemus.

893 2869 1086 2952 Ipsae
1142 2866 1383 2949 figurae
1439 2868 1730 2933 caelatae
1788 2868 2133 2933 humanam
2191 2867 2699 2950 magnitudinem
2770 2888 2902 2932 non
2962 2888 3070 2932 ex-

721 2971 1026 3037 cedentes
1100 2988 1292 3051 quam
1364 2967 1651 3032 habeant
1721 2967 2249 3050 significationem
2320 2976 2452 3033 tum
2517 2969 2771 3035 demum
2832 2970 3074 3051 poteris

721 3079 895 3139 recte
951 3070 1347 3152 intelligere,
1407 3070 1459 3134 si
1511 3070 1769 3153 mythos
1811 3070 2233 3135 Macedonum
2251 3118 2268 3151 ‚
2327 3071 2618 3154 inprimis
2661 3071 3075 3136 Thessaloni-

725 3193 881 3241 ceae
924 3172 1118 3251 urbis,
1165 3172 1234 3235 in
1275 3172 1645 3236 memoriam
1690 3171 1809 3235 tibi
1850 3173 2271 3238 revocaveris.
2336 3202 2355 3218 ·

896 3275 991 3339 Ac
1033 3272 1304 3356 primum
1352 3272 1609 3355 quidem
1639 3272 2281 3337 animadvertendum
2310 3281 2408 3338 est
2438 3273 2881 3339 Macedoniam
2911 3274 3077 3337 anti-

727 3377 870 3459 quis
911 3375 1304 3458 temporibus
1350 3373 1583 3438 dictam
1627 3373 1825 3439 fuisse
1867 3374 2233 3439 Emathiam
2280 3376 2559 3455 (Homer.
2592 3377 2669 3439 Il.
2699 3374 2878 3455 XIV,
2926 3377 3073 3437 225.

727 3478 948 3561 Steph.
980 3477 1159 3560 Byz.)
1206 3477 1484 3559 olimque
1527 3476 1719 3540 etiam
1751 3496 1792 3540 a
1818 3475 2181 3559 Phrygibus
2211 3476 2586 3557 habitatam,
2635 3496 2792 3558 quos
2820 3476 3077 3558 Brygas

730 3579 952 3644 dixere
994 3578 1399 3644 Macedones.
1486 3579 1721 3643 Postea
1777 3577 1844 3642 hi
1888 3579 2178 3661 Phryges
2232 3579 2299 3642 in
2343 3579 2564 3643 Asiam
2610 3578 3074 3660 migraverunt;

731 3679 847 3747 sed
890 3680 1064 3743 fama
1108 3688 1245 3745 erat
1287 3686 1432 3762 post
1475 3681 1734 3745 Troiam
1788 3700 2078 3746 eversam
2121 3681 2407 3746 Aeneam
2454 3679 2776 3762 Phrygem
2830 3677 3080 3744 redisse

729 3783 798 3847 in
841 3780 1285 3846 Macedoniam
1327 3782 1544 3863 ibique
1587 3781 1954 3847 condidisse
1995 3781 2283 3847 Aeneam
2341 3802 2383 3845 a
2440 3801 2510 3846 se
2567 3781 2709 3864 ipso
2752 3799 3080 3861 nuncupa-

728 3891 864 3948 tam
908 3888 1280 3965 patremque
1322 3883 1668 3948 Anchisem
1725 3883 1815 3947 ibi
1863 3883 2215 3965 sepeliisse.
2290 3882 2535 3965 (Steph.
2581 3884 2734 3966 Byz.
2779 3877 3078 3957 Άῖνεια).

731 3986 833 4050 Ea
872 3983 1019 4067 ipsa
1063 3990 1200 4048 erat
1240 3984 1466 4049 Aenea
1507 3984 1684 4049 cuius
1726 3984 1974 4050 incolas
2018 3984 2382 4050 Cassander
2424 4005 2566 4048 cum
2601 3984 2882 4048 Therma
2922 3982 3083 4046 olim

736 4086 910 4169 dicta
952 4085 1339 4150 consociavit
1384 4083 1785 4169 (συνῴκισε),
1849 4106 2214 4169 quanquam
2269 4106 2354 4151 ne
2411 4092 2636 4169 postea
2686 4084 2942 4167 quidem
2984 4084 3083 4148 in-

731 4188 894 4254 colis
951 4207 1208 4270 prorsus
1265 4186 1635 4252 destitutum
1697 4187 2003 4271 oppidum
2062 4197 2232 4254 esset
2288 4190 2677 4269 Aeneaeque
2737 4183 3089 4257 conditoris

725 4289 1106 4355 memoriam
1180 4296 1604 4354 conservaret.
1707 4289 1784 4353 V.
1841 4289 1981 4353 Liv.
2043 4290 2195 4371 XL,
2264 4295 2321 4353 4.
2424 4288 2928 4373 Proficzlvcuntur
3002 4286 3084 4354 ab
