3499 5219
854 1496 972 1560 DE
1015 1490 1234 1560 LOCO
1279 1490 1640 1571 QVODAM
1683 1447 2251 1558 ARISTOTELIS
2297 1491 2393 1556 IN
2436 1488 2696 1556 LIBRO
2740 1489 3004 1556 PRIMO

1624 1591 2228 1660 POLITICORVM.

930 1784 1006 1848 In
1078 1781 1341 1848 exordio
1394 1781 1805 1845 Politicorum
1862 1781 2223 1846 Aristotelis
2277 1779 2716 1845 nobilissimus
2773 1787 2869 1844 est
2925 1781 3109 1845 locus

760 1884 867 1966 qui
911 1884 1045 1967 agit
1091 1883 1173 1949 de
1214 1882 1474 1948 homine
1517 1882 1604 1947 ad
1645 1902 1782 1947 rem
1838 1884 2163 1966 publicam
2208 1889 2437 1947 natura
2480 1883 2676 1966 plane
2719 1881 2889 1946 facto
2937 1902 3108 1946 eam-

760 2006 883 2068 que
926 1986 1008 2050 ob
1052 2005 1310 2051 causam
1342 2005 1382 2049 a
1411 1985 1637 2049 ceteris
1667 1984 2056 2049 animalibus
2099 1985 2291 2067 longe
2323 1982 2594 2049 diverso.
2662 1983 2844 2048 Idem
2890 1990 3110 2048 tamen

762 2090 937 2152 locus
981 2086 1318 2151 habendus
1363 2093 1460 2151 est
1502 2085 1570 2151 in
1616 2084 2010 2152 difficillimis
2054 2094 2245 2168 atque
2276 2106 2317 2150 a
2344 2086 2621 2167 nemine,
2669 2085 2841 2168 quod
2886 2086 3104 2166 sciam,

758 2191 851 2254 ita
895 2187 1232 2272 expeditus
1273 2194 1345 2252 ut
1387 2186 1541 2270 quid
1583 2188 1706 2253 sibi
1759 2188 2034 2252 voluerit
2076 2188 2497 2272 philosophus
2541 2189 2738 2271 plane
2792 2187 3108 2270 intellige-

760 2298 933 2357 retur
961 2290 1045 2355 ab
1077 2290 1389 2354 omnibus.
1456 2290 1682 2372 Neque
1724 2291 1865 2374 ipse
1896 2289 2049 2354 olim
2092 2297 2262 2354 recte
2304 2290 2597 2355 intellexi
2641 2291 2870 2370 locum,
2916 2309 3108 2371 quum

762 2394 1034 2477 primum
1090 2391 1451 2456 Aristotelis
1504 2391 1777 2455 Politica
1834 2390 2125 2456 edebam.
2227 2390 2441 2456 Habet
2494 2398 2706 2456 autem
2763 2391 2857 2455 ita
2913 2391 2997 2472 (I,
3053 2396 3104 2453 1.

765 2492 826 2557 d.
878 2497 1059 2574 1253,
1106 2514 1165 2557 a.
1209 2493 1261 2557 I.
1307 2493 1653 2569 Bekkeri):
1702 2485 1805 2555 Ἐκ
1849 2489 2098 2556 τούτων
2144 2479 2258 2555 οὗν
2292 2489 2578 2576 φανερὸν
2612 2487 2715 2555 ὅτι
2745 2494 2877 2555 τῶν
2912 2491 3103 2574 φύσει

764 2590 799 2678 ἡ
851 2592 1047 2671 πόλις
1108 2591 1313 2671 ἐστίν,
1376 2595 1479 2657 καὶ
1530 2589 1631 2658 ὅτι
1692 2590 2058 2677 ἅνθρωπος
2104 2591 2300 2677 φύσει
2346 2590 2692 2659 πολιτικὸν
2738 2593 2938 2673 ζῶον,
2997 2594 3107 2660 καὶ

768 2692 802 2757 ὃ
862 2693 1109 2772 ἄπολις
1166 2693 1277 2758 διὰ
1337 2693 1535 2779 φύσιν
1594 2694 1699 2759 καὶ
1761 2690 1836 2759 οὗ
1898 2694 2007 2760 διὰ
2064 2694 2256 2778 τύχην
2318 2693 2466 2779 ἤτοι
2531 2694 2785 2781 φαῦλός
2844 2689 3107 2781 ἔστινῆ

766 2794 1073 2881 κρείττων
1132 2790 1173 2881 ἢ
1229 2793 1595 2882 ἄνθρωπος
1645 2792 1874 2880 ὥσπερ
1918 2800 2022 2861 καὶ
2087 2791 2121 2861 ὅ
2180 2791 2288 2861 ὑπ’
2346 2792 2627 2881 Ὁμήρου
2687 2797 3108 2882 λοιδορηθεὶς

768 2893 1144 2985 ,,ἆφρήτωρ,
1194 2892 1578 2979 ἀθέμιστος,
1628 2892 2017 2976 ἇνέστιος·“
2064 2894 2199 2981 ἅμα
2244 2887 2610 2984 γὰρ’«φύσει
2656 2903 2957 2977 τοιοῦτος
3001 2899 3107 2962 καὶ

770 3003 1065 3083 πολέμου
1099 2999 1533 3086 ἕπιθιμητής,
1584 2996 1890 3083 ὅτεπερ
1924 2998 2121 3080 ἄζυξ
2164 2993 2263 3065 ὢν
2298 2996 2575 3093 ὥσπερ
2624 3000 2702 3066 ἓν
2734 3007 3104 3079 πεττοῖς.

773 3105 878 3170 Sic
921 3103 1261 3169 Bekkerus
1306 3102 1558 3187 scripsit
1615 3123 1695 3168 ex
1740 3103 2066 3170 codicibus
2109 3105 2191 3168 ab
2250 3104 2391 3186 ipso
2450 3105 2719 3171 collatis.
2808 3106 2885 3169 In
2943 3106 3110 3171 notis

694 3259 702 3282 x
769 3207 889 3271 ita:
948 3202 1151 3287 „dig-v}
1194 3198 1304 3284 ὢν]
1359 3207 1659 3270 lacunam
1703 3203 1944 3284 QMbTb
1990 3209 2244 3284 [πετοῖς
2288 3203 2447 3271 Mb.“
2535 3208 2622 3271 At
2678 3207 2883 3273 codex
2940 3208 3110 3271 Pari-

768 3309 943 3372 sinus
1002 3307 1081 3370 N.
1140 3309 1304 3372 2023
1366 3307 1676 3372 Demetrii
1735 3306 2220 3392 Chalcondylae
2289 3329 2484 3374 manu
2550 3316 2849 3374 exaratus
2915 3309 3111 3373 habet

773 3406 931 3486 ἄζυξ
986 3402 1213 3487 ὥσπερ
1273 3405 1338 3471 ἐν
1400 3412 1748 3484 πετεινοῖς.
1842 3409 2047 3487 Quam
2107 3429 2225 3491 ego
2278 3410 2620 3474 lectionem
2676 3431 2816 3475 cum
2872 3410 3111 3476 Aldina

774 3510 1062 3591 Camotii,
1106 3530 1247 3575 cum
1278 3510 1575 3592 victorie,
1622 3510 1985 3595 SylburgiO,
2033 3510 2423 3577 Schneidero
2469 3518 2533 3576 et
2578 3510 2781 3577 Corae
2825 3512 2979 3576 olim
3020 3511 3112 3576 ita

771 3613 839 3676 in
897 3617 1141 3677 textum
1197 3631 1561 3694 receperam
1619 3619 1688 3676 ut
1740 3608 1830 3676 ὤν
1891 3613 2326 3696 participium,
2381 3613 2450 3677 in
2507 3614 2734 3678 ceteris
2788 3612 3113 3678 codicibus

771 3714 1120 3794 inventum,
1166 3719 1310 3795 post
1353 3708 1512 3791 ἄζυξ
1550 3715 1931 3779 vocabulum
1974 3714 2341 3779 insererem.
2428 3714 2508 3779 In
2551 3714 2901 3781 Parisiensi
2944 3715 3112 3780 enim

775 3814 991 3879 codice
1035 3812 1425 3879 Coisliniano
1482 3816 1562 3880 N.
1615 3819 1752 3880 161.
1771 3864 1787 3897 ,
1847 3817 1955 3899 qui
2012 3824 2109 3882 est
2163 3816 2363 3881 seculi
2403 3817 2638 3899 XIIII,
2700 3817 2768 3881 in
2823 3816 3112 3898 margine

776 3915 1166 3999 adscriptum
1210 3922 1307 3981 est
1348 3940 1443 3999 γρ.
1490 3926 1838 3993 πετεινοῖς.
1927 3919 2074 3983 Fuit
2115 3918 2307 4001 igitur
2348 3918 2479 3983 iam
2522 3925 2674 3983 ante
2716 3918 3111 3983 Demetrium

778 4018 885 4099 qui
929 4017 997 4081 in
1041 4016 1254 4082 verbis
1301 4012 1524 4100 ὥσπερ
1573 4017 1639 4084 ἐν
1687 4028 1956 4095 πεττοῖς
2003 4019 2356 4085 offenderet
2410 4027 2602 4102 atque
2659 4019 2752 4084 ita
2795 4019 3110 4084 coniceret

778 4125 846 4182 ut
886 4119 956 4183 in
999 4124 1177 4183 textu
1219 4138 1332 4182 suo
1378 4121 1630 4204 scripsit
1661 4119 2158 4204 Chalcondylas.
2227 4121 2384 4186 Mihi
2427 4128 2642 4186 autem
2686 4142 2816 4186 non
2861 4121 3112 4203 aquilas

779 4228 843 4285 et
905 4219 1271 4303 accipitres,
1346 4226 1414 4283 ut
1484 4223 1754 4304 putabat
1810 4222 2155 4305 Victorius,
2232 4222 2348 4287 sed
2413 4224 2705 4287 cuculum
2768 4224 2835 4288 in
2899 4223 3111 4287 animo

778 4322 1079 4387 habuisse
1121 4320 1460 4386 videbatur
1494 4324 1887 4406 Aristoteles,
1937 4323 2018 4388 de
2062 4344 2185 4406 quo
2227 4324 2370 4407 ipse
2411 4325 2833 4407 philosophus
2876 4325 3113 4391 Histor.

3102 4965 3436 5219 A]
