<?xml version="1.0" encoding="UTF-8"?>
<!DOCTYPE html PUBLIC "-//W3C//DTD XHTML 1.0 Transitional//EN"
    "http://www.w3.org/TR/xhtml1/DTD/xhtml1-transitional.dtd">
<html xmlns="http://www.w3.org/1999/xhtml" xml:lang="en" lang="en">
 <head>
  <title>
</title>
<meta http-equiv="Content-Type" content="text/html;charset=utf-8" />
  <meta name='ocr-system' content='tesseract 3.04.00' />
  <meta name='ocr-capabilities' content='ocr_page ocr_carea ocr_par ocr_line ocrx_word'/>
</head>
<body>
  <div class='ocr_page' id='page_1' title='image "./opusculaacademi00goetgoog_0126.png"; bbox 0 0 3499 5219; ppageno 0'>
   <div class='ocr_carea' id='block_1_1' title="bbox 1702 419 2270 482">
    <p class='ocr_par' dir='ltr' id='par_1_1' title="bbox 1702 419 2270 482">
     <span class='ocr_line' id='line_1_1' title="bbox 1702 419 2270 482; baseline 0.007 -4"><span class='ocrx_word' id='word_1_1' title='bbox 1702 419 2270 482; x_wconf 81' lang='lat'>——110—</span> 
     </span>
    </p>
   </div>
   <div class='ocr_carea' id='block_1_2' title="bbox 745 582 3157 4448">
    <p class='ocr_par' dir='ltr' id='par_1_2' title="bbox 745 582 3157 4448">
     <span class='ocr_line' id='line_1_2' title="bbox 810 582 3156 669; baseline -0.001 -16"><span class='ocrx_word' id='word_1_2' title='bbox 810 584 1128 653; x_wconf 85' lang='lat' dir='ltr'><strong>studiosos</strong></span> <span class='ocrx_word' id='word_1_3' title='bbox 1183 602 1349 667; x_wconf 88' lang='lat' dir='ltr'><strong>quae</strong></span> <span class='ocrx_word' id='word_1_4' title='bbox 1401 582 1724 651; x_wconf 89' lang='lat' dir='ltr'><strong>interdum</strong></span> <span class='ocrx_word' id='word_1_5' title='bbox 1778 583 2050 668; x_wconf 75' lang='lat' dir='ltr'><strong>gliscere</strong></span> <span class='ocrx_word' id='word_1_6' title='bbox 2094 585 2165 651; x_wconf 92' lang='lat' dir='ltr'><strong>in</strong></span> <span class='ocrx_word' id='word_1_7' title='bbox 2206 585 2593 651; x_wconf 70' lang='lat' dir='ltr'>discordiam</span> <span class='ocrx_word' id='word_1_8' title='bbox 2636 587 2917 667; x_wconf 88' lang='lat' dir='ltr'><strong>solebat,</strong></span> <span class='ocrx_word' id='word_1_9' title='bbox 2972 591 3156 669; x_wconf 87' lang='lat' dir='ltr'><strong>puta—</strong></span> 
     </span>
     <span class='ocr_line' id='line_1_3' title="bbox 807 685 3157 771; baseline -0 -18"><span class='ocrx_word' id='word_1_10' title='bbox 807 688 967 755; x_wconf 88' lang='lat' dir='ltr'><strong>bant</strong></span> <span class='ocrx_word' id='word_1_11' title='bbox 1018 685 1346 770; x_wconf 79' lang='lat' dir='ltr'>adaugeri.</span> <span class='ocrx_word' id='word_1_12' title='bbox 1431 686 1521 752; x_wconf 89' lang='lat' dir='ltr'><strong>At</strong></span> <span class='ocrx_word' id='word_1_13' title='bbox 1571 704 1757 769; x_wconf 84' lang='lat' dir='ltr'><strong>vero,</strong></span> <span class='ocrx_word' id='word_1_14' title='bbox 1814 686 2009 752; x_wconf 88' lang='lat' dir='ltr'><strong>audio</strong></span> <span class='ocrx_word' id='word_1_15' title='bbox 2058 687 2527 770; x_wconf 72' lang='lat' dir='ltr'><strong>interrogantes</strong></span> <span class='ocrx_word' id='word_1_16' title='bbox 2540 736 2557 769; x_wconf 90' lang='lat'><strong>,</strong></span> <span class='ocrx_word' id='word_1_17' title='bbox 2613 706 2778 770; x_wconf 89' lang='lat' dir='ltr'><strong>quae</strong></span> <span class='ocrx_word' id='word_1_18' title='bbox 2830 687 2962 753; x_wconf 83' lang='lat' dir='ltr'><strong>ista</strong></span> <span class='ocrx_word' id='word_1_19' title='bbox 3014 705 3157 771; x_wconf 89' lang='lat' dir='ltr'><strong>per·</strong></span> 
     </span>
     <span class='ocr_line' id='line_1_4' title="bbox 808 787 3155 872; baseline -0.001 -17"><span class='ocrx_word' id='word_1_20' title='bbox 808 809 998 857; x_wconf 84' lang='lat' dir='ltr'><strong>versa</strong></span> <span class='ocrx_word' id='word_1_21' title='bbox 1036 788 1202 854; x_wconf 88' lang='lat' dir='ltr'><strong>ratio</strong></span> <span class='ocrx_word' id='word_1_22' title='bbox 1239 787 1378 870; x_wconf 87' lang='lat' dir='ltr'><strong>fuit,</strong></span> <span class='ocrx_word' id='word_1_23' title='bbox 1422 794 1492 852; x_wconf 90' lang='lat' dir='ltr'><strong>ut</strong></span> <span class='ocrx_word' id='word_1_24' title='bbox 1533 787 1866 872; x_wconf 80' lang='lat' dir='ltr'>discipulis</span> <span class='ocrx_word' id='word_1_25' title='bbox 1907 787 2075 854; x_wconf 89' lang='lat' dir='ltr'><strong>adeo</strong></span> <span class='ocrx_word' id='word_1_26' title='bbox 2117 788 2420 855; x_wconf 84' lang='lat' dir='ltr'><strong>iudicium</strong></span> <span class='ocrx_word' id='word_1_27' title='bbox 2462 790 2533 855; x_wconf 93' lang='lat' dir='ltr'><strong>in</strong></span> <span class='ocrx_word' id='word_1_28' title='bbox 2574 809 2649 856; x_wconf 86' lang='lat' dir='ltr'><strong>se</strong></span> <span class='ocrx_word' id='word_1_29' title='bbox 2687 788 3155 856; x_wconf 81' lang='lat' dir='ltr'><strong>committerent</strong></span> 
     </span>
     <span class='ocr_line' id='line_1_5' title="bbox 807 888 3152 977; baseline 0 -20"><span class='ocrx_word' id='word_1_30' title='bbox 807 891 1219 977; x_wconf 77' lang='lat' dir='ltr'><strong>professores,</strong></span> <span class='ocrx_word' id='word_1_31' title='bbox 1265 889 1374 971; x_wconf 88' lang='lat' dir='ltr'><strong>qui</strong></span> <span class='ocrx_word' id='word_1_32' title='bbox 1416 895 1630 955; x_wconf 87' lang='lat' dir='ltr'><strong>aetate</strong></span> <span class='ocrx_word' id='word_1_33' title='bbox 1672 895 1737 955; x_wconf 89' lang='lat' dir='ltr'><strong>et</strong></span> <span class='ocrx_word' id='word_1_34' title='bbox 1779 888 2123 973; x_wconf 88' lang='lat' dir='ltr'><strong>prudentia</strong></span> <span class='ocrx_word' id='word_1_35' title='bbox 2162 891 2701 974; x_wconf 74' lang='lat' dir='ltr'><strong>praepollebant?</strong></span> <span class='ocrx_word' id='word_1_36' title='bbox 2776 891 2989 957; x_wconf 83' lang='lat' dir='ltr'><strong>Minus</strong></span> <span class='ocrx_word' id='word_1_37' title='bbox 3032 889 3152 957; x_wconf 83' lang='lat' dir='ltr'><strong>hoc</strong></span> 
     </span>
     <span class='ocr_line' id='line_1_6' title="bbox 806 989 3150 1077; baseline -0 -18"><span class='ocrx_word' id='word_1_38' title='bbox 806 994 1034 1059; x_wconf 84' lang='lat' dir='ltr'><strong>mirum&#39;</strong></span> <span class='ocrx_word' id='word_1_39' title='bbox 1062 989 1387 1057; x_wconf 87' lang='lat' dir='ltr'><strong>videbitur</strong></span> <span class='ocrx_word' id='word_1_40' title='bbox 1413 989 1988 1073; x_wconf 74' lang='lat' dir='ltr'><strong>considerantibus,</strong></span> <span class='ocrx_word' id='word_1_41' title='bbox 2031 993 2384 1075; x_wconf 80' lang='lat' dir='ltr'><strong>Rectorem,</strong></span> <span class='ocrx_word' id='word_1_42' title='bbox 2428 994 2484 1059; x_wconf 88' lang='lat' dir='ltr'><strong>si</strong></span> <span class='ocrx_word' id='word_1_43' title='bbox 2514 999 2698 1059; x_wconf 86' lang='lat' dir='ltr'><strong>extra</strong></span> <span class='ocrx_word' id='word_1_44' title='bbox 2725 991 3150 1077; x_wconf 78' lang='lat' dir='ltr'><strong>professorum</strong></span> 
     </span>
     <span class='ocr_line' id='line_1_7' title="bbox 807 1092 3151 1175; baseline 0 -16"><span class='ocrx_word' id='word_1_45' title='bbox 807 1093 1098 1160; x_wconf 85' lang='lat' dir='ltr'><strong>ordinem</strong></span> <span class='ocrx_word' id='word_1_46' title='bbox 1138 1099 1389 1160; x_wconf 83' lang='lat' dir='ltr'><strong>creatus</strong></span> <span class='ocrx_word' id='word_1_47' title='bbox 1432 1098 1602 1159; x_wconf 83' lang='lat' dir='ltr'><strong>esset</strong></span> <span class='ocrx_word' id='word_1_48' title='bbox 1614 1140 1633 1174; x_wconf 94' lang='lat'><strong>,</strong></span> <span class='ocrx_word' id='word_1_49' title='bbox 1689 1111 1945 1175; x_wconf 82' lang='lat' dir='ltr'><strong>semper</strong></span> <span class='ocrx_word' id='word_1_50' title='bbox 1985 1092 2290 1159; x_wconf 88' lang='lat' dir='ltr'><strong>habuisse</strong></span> <span class='ocrx_word' id='word_1_51' title='bbox 2329 1113 2514 1160; x_wconf 90' lang='lat' dir='ltr'><strong>suum</strong></span> <span class='ocrx_word' id='word_1_52' title='bbox 2556 1095 2990 1162; x_wconf 82' lang='lat' dir='ltr'><strong>Protectorem</strong></span> <span class='ocrx_word' id='word_1_53' title='bbox 3004 1142 3021 1175; x_wconf 91' lang='lat'><strong>,</strong></span> <span class='ocrx_word' id='word_1_54' title='bbox 3066 1094 3151 1159; x_wconf 89' lang='lat' dir='ltr'><strong>ab</strong></span> 
     </span>
     <span class='ocr_line' id='line_1_8' title="bbox 804 1193 3151 1279; baseline -0 -18"><span class='ocrx_word' id='word_1_55' title='bbox 804 1196 1033 1263; x_wconf 88' lang='lat' dir='ltr'><strong>iisdem</strong></span> <span class='ocrx_word' id='word_1_56' title='bbox 1075 1193 1541 1279; x_wconf 79' lang='lat' dir='ltr'><strong>professoribus</strong></span> <span class='ocrx_word' id='word_1_57' title='bbox 1584 1213 1667 1260; x_wconf 85' lang='lat' dir='ltr'><strong>ex</strong></span> <span class='ocrx_word' id='word_1_58' title='bbox 1707 1194 1850 1278; x_wconf 89' lang='lat' dir='ltr'><strong>ipso</strong></span> <span class='ocrx_word' id='word_1_59' title='bbox 1893 1193 2321 1279; x_wconf 77' lang='lat' dir='ltr'><strong>professorum</strong></span> <span class='ocrx_word' id='word_1_60' title='bbox 2362 1215 2627 1263; x_wconf 91' lang='lat' dir='ltr'><strong>numero</strong></span> <span class='ocrx_word' id='word_1_61' title='bbox 2671 1197 2962 1263; x_wconf 87' lang='lat' dir='ltr'><strong>electum.</strong></span> <span class='ocrx_word' id='word_1_62' title='bbox 3046 1195 3151 1261; x_wconf 87' lang='lat' dir='ltr'><strong>Ad</strong></span> 
     </span>
     <span class='ocr_line' id='line_1_9' title="bbox 745 1294 3149 1381; baseline -0.002 -13"><span class='ocrx_word' id='word_1_63' title='bbox 745 1310 752 1319; x_wconf 88' lang='grc'><em>“</em></span> <span class='ocrx_word' id='word_1_64' title='bbox 804 1298 975 1369; x_wconf 88' lang='lat' dir='ltr'><strong>hunc</strong></span> <span class='ocrx_word' id='word_1_65' title='bbox 1025 1296 1219 1381; x_wconf 89' lang='lat' dir='ltr'><strong>igitur</strong></span> <span class='ocrx_word' id='word_1_66' title='bbox 1271 1294 1494 1361; x_wconf 91' lang='lat' dir='ltr'><strong>iudicii</strong></span> <span class='ocrx_word' id='word_1_67' title='bbox 1547 1301 1835 1379; x_wconf 87' lang='lat' dir='ltr'><strong>potestas</strong></span> <span class='ocrx_word' id='word_1_68' title='bbox 1891 1297 2226 1380; x_wconf 85' lang='lat' dir='ltr'><strong>pertinuit,</strong></span> <span class='ocrx_word' id='word_1_69' title='bbox 2282 1297 2370 1363; x_wconf 86' lang='lat' dir='ltr'><strong>ad</strong></span> <span class='ocrx_word' id='word_1_70' title='bbox 2410 1298 2745 1365; x_wconf 87' lang='lat' dir='ltr'><strong>Rectorem</strong></span> <span class='ocrx_word' id='word_1_71' title='bbox 2797 1299 3008 1381; x_wconf 87' lang='lat' dir='ltr'><strong>ipsum</strong></span> <span class='ocrx_word' id='word_1_72' title='bbox 3057 1297 3149 1363; x_wconf 90' lang='lat' dir='ltr'><strong>nil</strong></span> 
     </span>
     <span class='ocr_line' id='line_1_10' title="bbox 803 1397 3152 1483; baseline 0 -18"><span class='ocrx_word' id='word_1_73' title='bbox 803 1400 930 1466; x_wconf 88' lang='lat' dir='ltr'><strong>nisi</strong></span> <span class='ocrx_word' id='word_1_74' title='bbox 986 1399 1247 1464; x_wconf 89' lang='lat' dir='ltr'><strong>honoris</strong></span> <span class='ocrx_word' id='word_1_75' title='bbox 1301 1397 1580 1465; x_wconf 85' lang='lat' dir='ltr'><strong>ostensio</strong></span> <span class='ocrx_word' id='word_1_76' title='bbox 1593 1432 1626 1480; x_wconf 88' lang='lat'><strong>,·</strong></span> <span class='ocrx_word' id='word_1_77' title='bbox 1669 1404 1736 1464; x_wconf 89' lang='lat' dir='ltr'><strong>et</strong></span> <span class='ocrx_word' id='word_1_78' title='bbox 1791 1398 2106 1482; x_wconf 84' lang='lat' dir='ltr'><strong>quaedam</strong></span> <span class='ocrx_word' id='word_1_79' title='bbox 2161 1406 2498 1482; x_wconf 86' lang='lat' dir='ltr'><strong>praeterea</strong></span> <span class='ocrx_word' id='word_1_80' title='bbox 2549 1399 2839 1483; x_wconf 90' lang='lat' dir='ltr'><strong>negotia,</strong></span> <span class='ocrx_word' id='word_1_81' title='bbox 2900 1418 3069 1483; x_wconf 89' lang='lat' dir='ltr'><strong>quae</strong></span> <span class='ocrx_word' id='word_1_82' title='bbox 3107 1419 3152 1465; x_wconf 87' lang='lat' dir='ltr'><strong>a</strong></span> 
     </span>
     <span class='ocr_line' id='line_1_11' title="bbox 804 1499 2977 1585; baseline -0 -19"><span class='ocrx_word' id='word_1_83' title='bbox 804 1501 1030 1582; x_wconf 85' lang='lat' dir='ltr'><strong>quovis</strong></span> <span class='ocrx_word' id='word_1_84' title='bbox 1075 1499 1353 1582; x_wconf 88' lang='lat' dir='ltr'><strong>homine,</strong></span> <span class='ocrx_word' id='word_1_85' title='bbox 1400 1500 1594 1566; x_wconf 89' lang='lat' dir='ltr'><strong>etiam</strong></span> <span class='ocrx_word' id='word_1_86' title='bbox 1634 1500 2062 1583; x_wconf 66' lang='lat' dir='ltr'><strong>adoleoeente,</strong></span> <span class='ocrx_word' id='word_1_87' title='bbox 2107 1500 2415 1568; x_wconf 83' lang='lat' dir='ltr'><strong>facillime</strong></span> <span class='ocrx_word' id='word_1_88' title='bbox 2456 1506 2755 1585; x_wconf 88' lang='lat' dir='ltr'><strong>poterant</strong></span> <span class='ocrx_word' id='word_1_89' title='bbox 2796 1501 2977 1567; x_wconf 87' lang='lat' dir='ltr'><strong>obiri.</strong></span> 
     </span>
     <span class='ocr_line' id='line_1_12' title="bbox 973 1600 3150 1685; baseline 0.001 -19"><span class='ocrx_word' id='word_1_90' title='bbox 973 1602 1111 1666; x_wconf 88' lang='lat' dir='ltr'><strong>Iam</strong></span> <span class='ocrx_word' id='word_1_91' title='bbox 1155 1600 1327 1667; x_wconf 90' lang='lat' dir='ltr'><strong>enim</strong></span> <span class='ocrx_word' id='word_1_92' title='bbox 1369 1602 1662 1685; x_wconf 90' lang='lat' dir='ltr'><strong>accipite,</strong></span> <span class='ocrx_word' id='word_1_93' title='bbox 1707 1600 2050 1667; x_wconf 90' lang='lat' dir='ltr'><strong>Auditores</strong></span> <span class='ocrx_word' id='word_1_94' title='bbox 2066 1650 2083 1684; x_wconf 97' lang='lat'><strong>,</strong></span> <span class='ocrx_word' id='word_1_95' title='bbox 2144 1621 2309 1684; x_wconf 88' lang='lat' dir='ltr'><strong>quae</strong></span> <span class='ocrx_word' id='word_1_96' title='bbox 2351 1601 2559 1668; x_wconf 87' lang='lat' dir='ltr'><strong>officia</strong></span> <span class='ocrx_word' id='word_1_97' title='bbox 2598 1603 2976 1670; x_wconf 89' lang='lat' dir='ltr'><strong>Rectoribus</strong></span> <span class='ocrx_word' id='word_1_98' title='bbox 3018 1604 3150 1669; x_wconf 89' lang='lat' dir='ltr'><strong>suis</strong></span> 
     </span>
     <span class='ocr_line' id='line_1_13' title="bbox 801 1702 3149 1788; baseline 0 -19"><span class='ocrx_word' id='word_1_99' title='bbox 801 1710 1057 1788; x_wconf 84' lang='lat' dir='ltr'><strong>praeter</strong></span> <span class='ocrx_word' id='word_1_100' title='bbox 1097 1702 1404 1768; x_wconf 89' lang='lat' dir='ltr'><strong>iudicium</strong></span> <span class='ocrx_word' id='word_1_101' title='bbox 1444 1702 1797 1768; x_wconf 81' lang='lat' dir='ltr'><strong>injunxerit</strong></span> <span class='ocrx_word' id='word_1_102' title='bbox 1838 1702 2133 1786; x_wconf 87' lang='lat' dir='ltr'><strong>antiqua,</strong></span> <span class='ocrx_word' id='word_1_103' title='bbox 2190 1724 2277 1771; x_wconf 89' lang='lat' dir='ltr'><strong>ne</strong></span> <span class='ocrx_word' id='word_1_104' title='bbox 2330 1704 2539 1769; x_wconf 89' lang='lat' dir='ltr'><strong>dicam</strong></span> <span class='ocrx_word' id='word_1_105' title='bbox 2594 1704 2849 1787; x_wconf 87' lang='lat' dir='ltr'><strong>tetrica,</strong></span> <span class='ocrx_word' id='word_1_106' title='bbox 2908 1704 3149 1788; x_wconf 83' lang='lat' dir='ltr'><strong>simpli·</strong></span> 
     </span>
     <span class='ocr_line' id='line_1_14' title="bbox 801 1803 3148 1890; baseline 0.001 -20"><span class='ocrx_word' id='word_1_107' title='bbox 801 1804 962 1870; x_wconf 89' lang='lat' dir='ltr'><strong>citas</strong></span> <span class='ocrx_word' id='word_1_108' title='bbox 989 1804 1383 1888; x_wconf 84' lang='lat' dir='ltr'><strong>Thuringica</strong></span> <span class='ocrx_word' id='word_1_109' title='bbox 1409 1805 1516 1869; x_wconf 84' lang='lat' dir='ltr'><strong>vel</strong></span> <span class='ocrx_word' id='word_1_110' title='bbox 1544 1803 1757 1887; x_wconf 88' lang='lat' dir='ltr'><strong>potius</strong></span> <span class='ocrx_word' id='word_1_111' title='bbox 1786 1804 2110 1888; x_wconf 66' lang='lat' dir='ltr'><strong>lenensis}</strong></span> <span class='ocrx_word' id='word_1_112' title='bbox 2153 1805 2312 1871; x_wconf 88' lang='lat' dir='ltr'><strong>alibi</strong></span> <span class='ocrx_word' id='word_1_113' title='bbox 2355 1806 2548 1887; x_wconf 87' lang='lat' dir='ltr'><strong>enim,</strong></span> <span class='ocrx_word' id='word_1_114' title='bbox 2592 1806 2716 1872; x_wconf 88' lang='lat' dir='ltr'><strong>nisi</strong></span> <span class='ocrx_word' id='word_1_115' title='bbox 2744 1806 3148 1890; x_wconf 88' lang='lat' dir='ltr'><strong>Vitebergae‚</strong></span> 
     </span>
     <span class='ocr_line' id='line_1_15' title="bbox 798 1905 3150 1990; baseline 0.001 -19"><span class='ocrx_word' id='word_1_116' title='bbox 798 1907 868 1971; x_wconf 92' lang='lat' dir='ltr'><strong>in</strong></span> <span class='ocrx_word' id='word_1_117' title='bbox 925 1905 1463 1973; x_wconf 82' lang='lat' dir='ltr'><strong>Vniversitatibus</strong></span> <span class='ocrx_word' id='word_1_118' title='bbox 1532 1906 1888 1971; x_wconf 88' lang='lat' dir='ltr'><strong>litterarum</strong></span> <span class='ocrx_word' id='word_1_119' title='bbox 1949 1926 2035 1972; x_wconf 91' lang='lat' dir='ltr'><strong>ne</strong></span> <span class='ocrx_word' id='word_1_120' title='bbox 2096 1907 2436 1989; x_wconf 83' lang='lat' dir='ltr'><strong>vestigium</strong></span> <span class='ocrx_word' id='word_1_121' title='bbox 2502 1907 2760 1990; x_wconf 91' lang='lat' dir='ltr'><strong>quidem</strong></span> <span class='ocrx_word' id='word_1_122' title='bbox 2825 1908 3150 1974; x_wconf 86' lang='lat' dir='ltr'><strong>invenitur</strong></span> 
     </span>
     <span class='ocr_line' id='line_1_16' title="bbox 800 2006 3145 2094; baseline 0 -20"><span class='ocrx_word' id='word_1_123' title='bbox 800 2008 1165 2074; x_wconf 86' lang='lat' dir='ltr'><strong>additorum</strong></span> <span class='ocrx_word' id='word_1_124' title='bbox 1222 2006 1798 2073; x_wconf 84' lang='lat' dir='ltr'><strong>diversissimorum</strong></span> <span class='ocrx_word' id='word_1_125' title='bbox 1852 2009 2140 2074; x_wconf 88' lang='lat' dir='ltr'><strong>Rectoris</strong></span> <span class='ocrx_word' id='word_1_126' title='bbox 2192 2010 2589 2092; x_wconf 89' lang='lat' dir='ltr'><strong>negotiorum</strong></span> <span class='ocrx_word' id='word_1_127' title='bbox 2644 2017 2899 2094; x_wconf 80' lang='lat' dir='ltr'><strong>praeter</strong></span> <span class='ocrx_word' id='word_1_128' title='bbox 2952 2031 3145 2075; x_wconf 90' lang='lat' dir='ltr'><strong>unum</strong></span> 
     </span>
     <span class='ocr_line' id='line_1_17' title="bbox 799 2107 3148 2194; baseline 0.001 -19"><span class='ocrx_word' id='word_1_129' title='bbox 799 2110 964 2175; x_wconf 90' lang='lat' dir='ltr'><strong>illud</strong></span> <span class='ocrx_word' id='word_1_130' title='bbox 1007 2107 1453 2192; x_wconf 88' lang='lat' dir='ltr'><strong>honorificum,</strong></span> <span class='ocrx_word' id='word_1_131' title='bbox 1511 2109 1682 2191; x_wconf 91' lang='lat' dir='ltr'><strong>quod</strong></span> <span class='ocrx_word' id='word_1_132' title='bbox 1724 2109 2013 2176; x_wconf 85' lang='lat' dir='ltr'><strong>sufficere</strong></span> <span class='ocrx_word' id='word_1_133' title='bbox 2054 2110 2393 2177; x_wconf 87' lang='lat' dir='ltr'><strong>videbatur</strong></span> <span class='ocrx_word' id='word_1_134' title='bbox 2434 2111 2758 2194; x_wconf 87' lang='lat' dir='ltr'><strong>omnibus,</strong></span> <span class='ocrx_word' id='word_1_135' title='bbox 2802 2112 3148 2177; x_wconf 87' lang='lat' dir='ltr'><strong>maioribus</strong></span> 
     </span>
     <span class='ocr_line' id='line_1_18' title="bbox 800 2210 3144 2296; baseline 0.001 -20"><span class='ocrx_word' id='word_1_136' title='bbox 800 2211 1034 2277; x_wconf 89' lang='lat' dir='ltr'><strong>nostris</strong></span> <span class='ocrx_word' id='word_1_137' title='bbox 1088 2231 1221 2276; x_wconf 87' lang='lat' dir='ltr'><strong>non</strong></span> <span class='ocrx_word' id='word_1_138' title='bbox 1262 2210 1435 2276; x_wconf 90' lang='lat' dir='ltr'><strong>item.</strong></span> <span class='ocrx_word' id='word_1_139' title='bbox 1534 2211 1619 2276; x_wconf 90' lang='lat' dir='ltr'><strong>Hi</strong></span> <span class='ocrx_word' id='word_1_140' title='bbox 1673 2212 1848 2276; x_wconf 86' lang='lat' dir='ltr'><strong>enim</strong></span> <span class='ocrx_word' id='word_1_141' title='bbox 1886 2246 1975 2259; x_wconf 82' lang='lat'>-</span> <span class='ocrx_word' id='word_1_142' title='bbox 2015 2212 2109 2277; x_wconf 86' lang='lat' dir='ltr'><strong>ita</strong></span> <span class='ocrx_word' id='word_1_143' title='bbox 2159 2213 2230 2277; x_wconf 91' lang='lat' dir='ltr'><strong>in</strong></span> <span class='ocrx_word' id='word_1_144' title='bbox 2284 2213 2489 2296; x_wconf 91' lang='lat' dir='ltr'><strong>primo</strong></span> <span class='ocrx_word' id='word_1_145' title='bbox 2545 2219 2923 2279; x_wconf 87' lang='lat' dir='ltr'><strong>statutorum</strong></span> <span class='ocrx_word' id='word_1_146' title='bbox 2981 2214 3144 2279; x_wconf 89' lang='lat' dir='ltr'><strong>libro</strong></span> 
     </span>
     <span class='ocr_line' id='line_1_19' title="bbox 800 2312 3148 2399; baseline 0 -21"><span class='ocrx_word' id='word_1_147' title='bbox 800 2313 892 2378; x_wconf 87' lang='lat' dir='ltr'><strong>sic</strong></span> <span class='ocrx_word' id='word_1_148' title='bbox 950 2312 1148 2394; x_wconf 90' lang='lat' dir='ltr'><strong>dicto,</strong></span> <span class='ocrx_word' id='word_1_149' title='bbox 1208 2313 1363 2377; x_wconf 89' lang='lat' dir='ltr'><strong>anni</strong></span> <span class='ocrx_word' id='word_1_150' title='bbox 1419 2312 1745 2378; x_wconf 91' lang='lat' dir='ltr'><strong>millesimi</strong></span> <span class='ocrx_word' id='word_1_151' title='bbox 1804 2313 2299 2396; x_wconf 85' lang='lat' dir='ltr'><strong>quingentesimi</strong></span> <span class='ocrx_word' id='word_1_152' title='bbox 2354 2314 2754 2398; x_wconf 86' lang='lat' dir='ltr'><strong>nonagesimi</strong></span> <span class='ocrx_word' id='word_1_153' title='bbox 2809 2314 2999 2399; x_wconf 89' lang='lat' dir='ltr'><strong>primi</strong></span> <span class='ocrx_word' id='word_1_154' title='bbox 3054 2315 3148 2380; x_wconf 88' lang='lat' dir='ltr'><strong>in·</strong></span> 
     </span>
     <span class='ocr_line' id='line_1_20' title="bbox 799 2414 3146 2501; baseline 0.002 -23"><span class='ocrx_word' id='word_1_155' title='bbox 799 2414 989 2481; x_wconf 86' lang='lat' dir='ltr'><strong>venio</strong></span> <span class='ocrx_word' id='word_1_156' title='bbox 1029 2449 1118 2461; x_wconf 94' lang='grc'><strong>--</strong></span> <span class='ocrx_word' id='word_1_157' title='bbox 1160 2414 1343 2496; x_wconf 87' lang='lat' dir='ltr'><strong>quasi</strong></span> <span class='ocrx_word' id='word_1_158' title='bbox 1399 2415 1756 2482; x_wconf 84' lang='lat' dir='ltr'><strong>censoriam</strong></span> <span class='ocrx_word' id='word_1_159' title='bbox 1814 2415 2247 2481; x_wconf 78' lang='lat' dir='ltr'><strong>adjunxerunt</strong></span> <span class='ocrx_word' id='word_1_160' title='bbox 2300 2423 2680 2501; x_wconf 86' lang='lat' dir='ltr'><strong>potestatem</strong></span> <span class='ocrx_word' id='word_1_161' title='bbox 2696 2464 2713 2499; x_wconf 89' lang='lat'><strong>,</strong></span> <span class='ocrx_word' id='word_1_162' title='bbox 2772 2417 2874 2483; x_wconf 90' lang='lat' dir='ltr'><strong>his</strong></span> <span class='ocrx_word' id='word_1_163' title='bbox 2933 2417 3146 2483; x_wconf 87' lang='lat' dir='ltr'><strong>verbis</strong></span> 
     </span>
     <span class='ocr_line' id='line_1_21' title="bbox 799 2516 3145 2602; baseline 0.002 -22"><span class='ocrx_word' id='word_1_164' title='bbox 799 2516 1368 2600; x_wconf 88' lang='lat' dir='ltr'><strong>circumscriptam:</strong></span> <span class='ocrx_word' id='word_1_165' title='bbox 1425 2517 1536 2584; x_wconf 90' lang='lat' dir='ltr'><strong>det</strong></span> <span class='ocrx_word' id='word_1_166' title='bbox 1591 2537 1852 2602; x_wconf 88' lang='lat' dir='ltr'><strong>operam</strong></span> <span class='ocrx_word' id='word_1_167' title='bbox 1907 2524 2114 2585; x_wconf 87' lang='lat' dir='ltr'><strong>rector</strong></span> <span class='ocrx_word' id='word_1_168' title='bbox 2127 2566 2145 2600; x_wconf 89' lang='lat'>‚</span> <span class='ocrx_word' id='word_1_169' title='bbox 2204 2525 2276 2584; x_wconf 89' lang='lat' dir='ltr'><strong>ut</strong></span> <span class='ocrx_word' id='word_1_170' title='bbox 2330 2537 2713 2585; x_wconf 91' lang='lat' dir='ltr'><strong>oeconomus</strong></span> <span class='ocrx_word' id='word_1_171' title='bbox 2767 2525 2831 2585; x_wconf 93' lang='lat' dir='ltr'><strong>et</strong></span> <span class='ocrx_word' id='word_1_172' title='bbox 2871 2519 3145 2584; x_wconf 87' lang='lat' dir='ltr'><strong>ministri</strong></span> 
     </span>
     <span class='ocr_line' id='line_1_22' title="bbox 798 2618 3145 2705; baseline 0.001 -21"><span class='ocrx_word' id='word_1_173' title='bbox 798 2618 1171 2685; x_wconf 88' lang='lat' dir='ltr'><strong>academiae</strong></span> <span class='ocrx_word' id='word_1_174' title='bbox 1232 2620 1363 2686; x_wconf 89' lang='lat' dir='ltr'><strong>sint</strong></span> <span class='ocrx_word' id='word_1_175' title='bbox 1414 2620 1483 2685; x_wconf 92' lang='lat' dir='ltr'><strong>in</strong></span> <span class='ocrx_word' id='word_1_176' title='bbox 1539 2619 1778 2704; x_wconf 86' lang='lat' dir='ltr'><strong>officio;</strong></span> <span class='ocrx_word' id='word_1_177' title='bbox 1837 2654 1917 2667; x_wconf 89' lang='lat'>—</span> <span class='ocrx_word' id='word_1_178' title='bbox 1973 2628 2150 2688; x_wconf 92' lang='lat' dir='ltr'><strong>curet</strong></span> <span class='ocrx_word' id='word_1_179' title='bbox 2202 2621 2585 2705; x_wconf 86' lang='lat' dir='ltr'><strong>tempestive</strong></span> <span class='ocrx_word' id='word_1_180' title='bbox 2640 2621 2912 2688; x_wconf 83' lang='lat' dir='ltr'><strong>convehi</strong></span> <span class='ocrx_word' id='word_1_181' title='bbox 2967 2621 3145 2704; x_wconf 88' lang='lat' dir='ltr'><strong>ligna</strong></span> 
     </span>
     <span class='ocr_line' id='line_1_23' title="bbox 799 2720 3144 2807; baseline 0.001 -21"><span class='ocrx_word' id='word_1_182' title='bbox 799 2720 887 2786; x_wconf 88' lang='lat' dir='ltr'><strong>ad</strong></span> <span class='ocrx_word' id='word_1_183' title='bbox 929 2741 1112 2787; x_wconf 91' lang='lat' dir='ltr'><strong>usum</strong></span> <span class='ocrx_word' id='word_1_184' title='bbox 1155 2721 1491 2788; x_wconf 88' lang='lat' dir='ltr'><strong>hibernum</strong></span> <span class='ocrx_word' id='word_1_185' title='bbox 1532 2722 1933 2807; x_wconf 85' lang='lat' dir='ltr'><strong>convictorii3</strong></span> <span class='ocrx_word' id='word_1_186' title='bbox 1977 2757 2065 2771; x_wconf 87' lang='lat'><strong>--—</strong></span> <span class='ocrx_word' id='word_1_187' title='bbox 2106 2731 2443 2790; x_wconf 83' lang='lat' dir='ltr'><strong>conservet</strong></span> <span class='ocrx_word' id='word_1_188' title='bbox 2493 2729 2667 2790; x_wconf 85' lang='lat' dir='ltr'><strong>sarta</strong></span> <span class='ocrx_word' id='word_1_189' title='bbox 2708 2730 2877 2790; x_wconf 79' lang='lat' dir='ltr'><strong>tecta</strong></span> <span class='ocrx_word' id='word_1_190' title='bbox 2917 2722 3144 2789; x_wconf 77' lang='lat' dir='ltr'><strong>acade-</strong></span> 
     </span>
     <span class='ocr_line' id='line_1_24' title="bbox 798 2822 3147 2909; baseline 0.001 -20"><span class='ocrx_word' id='word_1_191' title='bbox 798 2825 996 2906; x_wconf 85' lang='lat' dir='ltr'><strong>mica;</strong></span> <span class='ocrx_word' id='word_1_192' title='bbox 1036 2857 1125 2869; x_wconf 94' lang='lat'><strong>—-</strong></span> <span class='ocrx_word' id='word_1_193' title='bbox 1165 2841 1249 2888; x_wconf 90' lang='lat' dir='ltr'><strong>ne</strong></span> <span class='ocrx_word' id='word_1_194' title='bbox 1291 2822 1760 2889; x_wconf 89' lang='lat' dir='ltr'><strong>habitationum</strong></span> <span class='ocrx_word' id='word_1_195' title='bbox 1802 2825 2010 2909; x_wconf 87' lang='lat' dir='ltr'><strong>pretia</strong></span> <span class='ocrx_word' id='word_1_196' title='bbox 2049 2833 2406 2909; x_wconf 84' lang='lat' dir='ltr'><strong>augeantur</strong></span> <span class='ocrx_word' id='word_1_197' title='bbox 2445 2824 2666 2892; x_wconf 87' lang='lat' dir='ltr'><strong>videat</strong></span> <span class='ocrx_word' id='word_1_198' title='bbox 2717 2844 2884 2892; x_wconf 83' lang='lat' dir='ltr'><strong>neve</strong></span> <span class='ocrx_word' id='word_1_199' title='bbox 2932 2825 3147 2891; x_wconf 87' lang='lat' dir='ltr'><strong>nimiis</strong></span> 
     </span>
     <span class='ocr_line' id='line_1_25' title="bbox 798 2923 3145 3012; baseline 0 -20"><span class='ocrx_word' id='word_1_200' title='bbox 798 2923 1155 3007; x_wconf 87' lang='lat' dir='ltr'><strong>sumptibus</strong></span> <span class='ocrx_word' id='word_1_201' title='bbox 1220 2931 1565 2990; x_wconf 89' lang='lat' dir='ltr'><strong>onerentur</strong></span> <span class='ocrx_word' id='word_1_202' title='bbox 1624 2925 2022 3012; x_wconf 81' lang='lat' dir='ltr'><strong>scholastici3</strong></span> <span class='ocrx_word' id='word_1_203' title='bbox 2081 2961 2163 2974; x_wconf 92' lang='lat'><strong>—-</strong></span> <span class='ocrx_word' id='word_1_204' title='bbox 2219 2926 2444 2994; x_wconf 87' lang='lat' dir='ltr'><strong>sordes</strong></span> <span class='ocrx_word' id='word_1_205' title='bbox 2505 2947 2588 2994; x_wconf 83' lang='lat' dir='ltr'><strong>ex</strong></span> <span class='ocrx_word' id='word_1_206' title='bbox 2643 2927 3145 2993; x_wconf 86' lang='lat' dir='ltr'><strong>habitationibus</strong></span> 
     </span>
     <span class='ocr_line' id='line_1_26' title="bbox 799 3025 3138 3121; baseline 0.001 -30"><span class='ocrx_word' id='word_1_207' title='bbox 799 3025 1054 3108; x_wconf 90' lang='lat' dir='ltr'><strong>collegii</strong></span> <span class='ocrx_word' id='word_1_208' title='bbox 1098 3026 1369 3092; x_wconf 86' lang='lat' dir='ltr'><strong>collatas</strong></span> <span class='ocrx_word' id='word_1_209' title='bbox 1412 3026 1636 3108; x_wconf 85' lang='lat' dir='ltr'><strong>quovis</strong></span> <span class='ocrx_word' id='word_1_210' title='bbox 1678 3029 1971 3095; x_wconf 87' lang='lat' dir='ltr'><strong>semestri</strong></span> <span class='ocrx_word' id='word_1_211' title='bbox 2014 3029 2233 3121; x_wconf 25' lang='lat' dir='ltr'><strong>spatio·</strong></span> <span class='ocrx_word' id='word_1_212' title='bbox 2257 3029 2426 3113; x_wconf 86' lang='lat' dir='ltr'><strong>iugis</strong></span> <span class='ocrx_word' id='word_1_213' title='bbox 2456 3028 2778 3113; x_wconf 83' lang='lat' dir='ltr'><strong>exportari</strong></span> <span class='ocrx_word' id='word_1_214' title='bbox 2805 3027 3029 3112; x_wconf 83' lang='lat' dir='ltr'><strong>faciat3</strong></span> <span class='ocrx_word' id='word_1_215' title='bbox 3063 3057 3138 3075; x_wconf 84' lang='lat'>—</span> 
     </span>
     <span class='ocr_line' id='line_1_27' title="bbox 795 3128 3144 3214; baseline 0.002 -22"><span class='ocrx_word' id='word_1_216' title='bbox 795 3146 879 3194; x_wconf 91' lang='lat' dir='ltr'><strong>ne</strong></span> <span class='ocrx_word' id='word_1_217' title='bbox 934 3128 1150 3193; x_wconf 88' lang='lat' dir='ltr'><strong>scalae</strong></span> <span class='ocrx_word' id='word_1_218' title='bbox 1205 3128 1643 3195; x_wconf 87' lang='lat' dir='ltr'><strong>incendiariae</strong></span> <span class='ocrx_word' id='word_1_219' title='bbox 1696 3130 1923 3196; x_wconf 87' lang='lat' dir='ltr'><strong>vitium</strong></span> <span class='ocrx_word' id='word_1_220' title='bbox 1978 3131 2243 3214; x_wconf 85' lang='lat' dir='ltr'><strong>aliquod</strong></span> <span class='ocrx_word' id='word_1_221' title='bbox 2290 3132 2703 3213; x_wconf 87' lang='lat' dir='ltr'><strong>contrahant,</strong></span> <span class='ocrx_word' id='word_1_222' title='bbox 2760 3138 3015 3214; x_wconf 84' lang='lat' dir='ltr'><strong>caveat3</strong></span> <span class='ocrx_word' id='word_1_223' title='bbox 3058 3165 3144 3177; x_wconf 86' lang='lat'><strong>--</strong></span> 
     </span>
     <span class='ocr_line' id='line_1_28' title="bbox 795 3230 3142 3317; baseline 0.001 -22"><span class='ocrx_word' id='word_1_224' title='bbox 795 3249 879 3296; x_wconf 91' lang='lat' dir='ltr'><strong>ne</strong></span> <span class='ocrx_word' id='word_1_225' title='bbox 933 3230 1356 3296; x_wconf 87' lang='lat' dir='ltr'><strong>crebrioribus</strong></span> <span class='ocrx_word' id='word_1_226' title='bbox 1411 3232 1988 3315; x_wconf 89' lang='lat' dir='ltr'><strong>compotationibus</strong></span> <span class='ocrx_word' id='word_1_227' title='bbox 2040 3233 2338 3300; x_wconf 87' lang='lat' dir='ltr'><strong>iuventus</strong></span> <span class='ocrx_word' id='word_1_228' title='bbox 2392 3252 2652 3317; x_wconf 87' lang='lat' dir='ltr'><strong>pessum</strong></span> <span class='ocrx_word' id='word_1_229' title='bbox 2709 3232 2896 3299; x_wconf 88' lang='lat' dir='ltr'><strong>detur</strong></span> <span class='ocrx_word' id='word_1_230' title='bbox 2936 3233 3142 3316; x_wconf 85' lang='lat' dir='ltr'><strong>provi·</strong></span> 
     </span>
     <span class='ocr_line' id='line_1_29' title="bbox 797 3331 3143 3418; baseline 0.001 -22"><span class='ocrx_word' id='word_1_231' title='bbox 797 3331 967 3397; x_wconf 87' lang='lat' dir='ltr'><strong>deat.</strong></span> <span class='ocrx_word' id='word_1_232' title='bbox 1039 3332 1310 3398; x_wconf 89' lang='lat' dir='ltr'><strong>Possum</strong></span> <span class='ocrx_word' id='word_1_233' title='bbox 1351 3332 1544 3398; x_wconf 88' lang='lat' dir='ltr'><strong>etiam</strong></span> <span class='ocrx_word' id='word_1_234' title='bbox 1586 3333 1721 3398; x_wconf 87' lang='lat' dir='ltr'><strong>alia</strong></span> <span class='ocrx_word' id='word_1_235' title='bbox 1760 3355 1894 3400; x_wconf 84' lang='lat' dir='ltr'><strong>non</strong></span> <span class='ocrx_word' id='word_1_236' title='bbox 1934 3333 2146 3400; x_wconf 86' lang='lat' dir='ltr'><strong>minus</strong></span> <span class='ocrx_word' id='word_1_237' title='bbox 2187 3333 2510 3401; x_wconf 88' lang='lat' dir='ltr'><strong>mirabilia</strong></span> <span class='ocrx_word' id='word_1_238' title='bbox 2551 3354 2740 3418; x_wconf 87' lang='lat' dir='ltr'><strong>quam</strong></span> <span class='ocrx_word' id='word_1_239' title='bbox 2782 3334 3143 3400; x_wconf 86' lang='lat' dir='ltr'><strong>necessaria</strong></span> 
     </span>
     <span class='ocr_line' id='line_1_30' title="bbox 796 3433 3143 3518; baseline 0 -19"><span class='ocrx_word' id='word_1_240' title='bbox 796 3434 1056 3517; x_wconf 84' lang='lat' dir='ltr'><strong>negotia</strong></span> <span class='ocrx_word' id='word_1_241' title='bbox 1108 3433 1391 3518; x_wconf 83' lang='lat' dir='ltr'><strong>proferre</strong></span> <span class='ocrx_word' id='word_1_242' title='bbox 1445 3451 1611 3516; x_wconf 86' lang='lat' dir='ltr'><strong>quae</strong></span> <span class='ocrx_word' id='word_1_243' title='bbox 1652 3442 1907 3518; x_wconf 88' lang='lat' dir='ltr'><strong>praeter</strong></span> <span class='ocrx_word' id='word_1_244' title='bbox 1945 3436 2250 3502; x_wconf 91' lang='lat' dir='ltr'><strong>iudicium</strong></span> <span class='ocrx_word' id='word_1_245' title='bbox 2293 3437 2424 3503; x_wconf 89' lang='lat' dir='ltr'><strong>suis</strong></span> <span class='ocrx_word' id='word_1_246' title='bbox 2465 3436 2812 3504; x_wconf 87' lang='lat' dir='ltr'><strong>rectoribus</strong></span> <span class='ocrx_word' id='word_1_247' title='bbox 2854 3436 3007 3501; x_wconf 91' lang='lat' dir='ltr'><strong>olim</strong></span> <span class='ocrx_word' id='word_1_248' title='bbox 3049 3436 3143 3500; x_wconf 88' lang='lat' dir='ltr'><strong>in·</strong></span> 
     </span>
     <span class='ocr_line' id='line_1_31' title="bbox 797 3535 3140 3621; baseline 0.001 -21"><span class='ocrx_word' id='word_1_249' title='bbox 797 3535 1005 3601; x_wconf 85' lang='lat' dir='ltr'><strong>iunxit</strong></span> <span class='ocrx_word' id='word_1_250' title='bbox 1046 3535 1446 3601; x_wconf 84' lang='lat' dir='ltr'><strong>Vniversitas</strong></span> <span class='ocrx_word' id='word_1_251' title='bbox 1487 3540 1738 3620; x_wconf 81' lang='lat' dir='ltr'><strong>nostra3</strong></span> <span class='ocrx_word' id='word_1_252' title='bbox 1795 3538 1913 3604; x_wconf 89' lang='lat' dir='ltr'><strong>sed</strong></span> <span class='ocrx_word' id='word_1_253' title='bbox 1965 3539 2128 3605; x_wconf 88' lang='lat' dir='ltr'><strong>haec</strong></span> <span class='ocrx_word' id='word_1_254' title='bbox 2169 3539 2364 3605; x_wconf 88' lang='lat' dir='ltr'><strong>etiam</strong></span> <span class='ocrx_word' id='word_1_255' title='bbox 2407 3537 2728 3605; x_wconf 84' lang='lat' dir='ltr'><strong>sufficiunt</strong></span> <span class='ocrx_word' id='word_1_256' title='bbox 2767 3557 2933 3621; x_wconf 86' lang='lat' dir='ltr'><strong>quae</strong></span> <span class='ocrx_word' id='word_1_257' title='bbox 2976 3538 3140 3620; x_wconf 84' lang='lat' dir='ltr'><strong>dixi;</strong></span> 
     </span>
     <span class='ocr_line' id='line_1_32' title="bbox 798 3637 3140 3724; baseline 0 -20"><span class='ocrx_word' id='word_1_258' title='bbox 798 3644 946 3704; x_wconf 89' lang='lat' dir='ltr'><strong>sunt</strong></span> <span class='ocrx_word' id='word_1_259' title='bbox 988 3638 1159 3704; x_wconf 91' lang='lat' dir='ltr'><strong>enim</strong></span> <span class='ocrx_word' id='word_1_260' title='bbox 1202 3637 1468 3719; x_wconf 87' lang='lat' dir='ltr'><strong>antiqua</strong></span> <span class='ocrx_word' id='word_1_261' title='bbox 1508 3642 1574 3702; x_wconf 89' lang='lat' dir='ltr'><strong>et</strong></span> <span class='ocrx_word' id='word_1_262' title='bbox 1615 3637 1923 3705; x_wconf 90' lang='lat' dir='ltr'><strong>obsoleta.</strong></span> <span class='ocrx_word' id='word_1_263' title='bbox 1998 3639 2231 3707; x_wconf 87' lang='lat' dir='ltr'><strong>Omnia</strong></span> <span class='ocrx_word' id='word_1_264' title='bbox 2272 3641 2443 3707; x_wconf 91' lang='lat' dir='ltr'><strong>enim</strong></span> <span class='ocrx_word' id='word_1_265' title='bbox 2486 3646 2730 3706; x_wconf 87' lang='lat' dir='ltr'><strong>mutata</strong></span> <span class='ocrx_word' id='word_1_266' title='bbox 2760 3646 2929 3722; x_wconf 87' lang='lat' dir='ltr'><strong>sunt,</strong></span> <span class='ocrx_word' id='word_1_267' title='bbox 2971 3648 3140 3724; x_wconf 88' lang='lat' dir='ltr'><strong>post-</strong></span> 
     </span>
     <span class='ocr_line' id='line_1_33' title="bbox 793 3738 3139 3827; baseline 0.001 -23"><span class='ocrx_word' id='word_1_268' title='bbox 793 3759 983 3822; x_wconf 88' lang='lat' dir='ltr'><strong>quam</strong></span> <span class='ocrx_word' id='word_1_269' title='bbox 1027 3738 1113 3804; x_wconf 91' lang='lat' dir='ltr'><strong>ad</strong></span> <span class='ocrx_word' id='word_1_270' title='bbox 1157 3739 1333 3821; x_wconf 87' lang='lat' dir='ltr'><strong>ipsos</strong></span> <span class='ocrx_word' id='word_1_271' title='bbox 1361 3738 1746 3805; x_wconf 84' lang='lat' dir='ltr'><strong>Ernestinae</strong></span> <span class='ocrx_word' id='word_1_272' title='bbox 1788 3741 2130 3825; x_wconf 87' lang='lat' dir='ltr'><strong>prosapiae</strong></span> <span class='ocrx_word' id='word_1_273' title='bbox 2172 3743 2492 3827; x_wconf 88' lang='lat' dir='ltr'><strong>principes</strong></span> <span class='ocrx_word' id='word_1_274' title='bbox 2531 3742 2783 3808; x_wconf 90' lang='lat' dir='ltr'><strong>delatus</strong></span> <span class='ocrx_word' id='word_1_275' title='bbox 2812 3748 2909 3808; x_wconf 90' lang='lat' dir='ltr'><strong>est</strong></span> <span class='ocrx_word' id='word_1_276' title='bbox 2935 3742 3139 3807; x_wconf 91' lang='lat' dir='ltr'><strong>honos</strong></span> 
     </span>
     <span class='ocr_line' id='line_1_34' title="bbox 792 3839 3137 3927; baseline 0.001 -20"><span class='ocrx_word' id='word_1_277' title='bbox 792 3847 1105 3907; x_wconf 88' lang='lat' dir='ltr'><strong>rectorum</strong></span> <span class='ocrx_word' id='word_1_278' title='bbox 1164 3839 1631 3906; x_wconf 82' lang='lat' dir='ltr'><strong>Vniversitatis.</strong></span> <span class='ocrx_word' id='word_1_279' title='bbox 1733 3841 1902 3907; x_wconf 86' lang='lat' dir='ltr'><strong>Nam</strong></span> <span class='ocrx_word' id='word_1_280' title='bbox 1957 3863 2096 3909; x_wconf 91' lang='lat' dir='ltr'><strong>mos</strong></span> <span class='ocrx_word' id='word_1_281' title='bbox 2148 3845 2293 3927; x_wconf 90' lang='lat' dir='ltr'><strong>ille,</strong></span> <span class='ocrx_word' id='word_1_282' title='bbox 2365 3865 2489 3927; x_wconf 91' lang='lat' dir='ltr'><strong>quo</strong></span> <span class='ocrx_word' id='word_1_283' title='bbox 2545 3844 2836 3911; x_wconf 84' lang='lat' dir='ltr'><strong>semestri</strong></span> <span class='ocrx_word' id='word_1_284' title='bbox 2890 3862 3137 3927; x_wconf 91' lang='lat' dir='ltr'><strong>quoque</strong></span> 
     </span>
     <span class='ocr_line' id='line_1_35' title="bbox 792 3941 3136 4028; baseline 0.001 -20"><span class='ocrx_word' id='word_1_285' title='bbox 792 3943 959 4009; x_wconf 89' lang='lat' dir='ltr'><strong>alius</strong></span> <span class='ocrx_word' id='word_1_286' title='bbox 1002 3941 1203 4008; x_wconf 89' lang='lat' dir='ltr'><strong>creari</strong></span> <span class='ocrx_word' id='word_1_287' title='bbox 1245 3941 1495 4007; x_wconf 87' lang='lat' dir='ltr'><strong>solebat</strong></span> <span class='ocrx_word' id='word_1_288' title='bbox 1536 3947 1762 4026; x_wconf 90' lang='lat' dir='ltr'><strong>rector,</strong></span> <span class='ocrx_word' id='word_1_289' title='bbox 1807 3963 1950 4010; x_wconf 92' lang='lat' dir='ltr'><strong>cum</strong></span> <span class='ocrx_word' id='word_1_290' title='bbox 1992 3945 2276 4012; x_wconf 81' lang='lat' dir='ltr'><strong>maxima</strong></span> <span class='ocrx_word' id='word_1_291' title='bbox 2315 3947 2614 4013; x_wconf 88' lang='lat' dir='ltr'><strong>libertate</strong></span> <span class='ocrx_word' id='word_1_292' title='bbox 2656 3945 2939 4028; x_wconf 87' lang='lat' dir='ltr'><strong>creandi,</strong></span> <span class='ocrx_word' id='word_1_293' title='bbox 2983 3946 3136 4011; x_wconf 91' lang='lat' dir='ltr'><strong>mul-</strong></span> 
     </span>
     <span class='ocr_line' id='line_1_36' title="bbox 791 4042 3134 4131; baseline 0 -20"><span class='ocrx_word' id='word_1_294' title='bbox 791 4051 891 4111; x_wconf 88' lang='lat' dir='ltr'><strong>tas</strong></span> <span class='ocrx_word' id='word_1_295' title='bbox 942 4063 1304 4127; x_wconf 87' lang='lat' dir='ltr'><strong>gravesque</strong></span> <span class='ocrx_word' id='word_1_296' title='bbox 1358 4042 1766 4112; x_wconf 85' lang='lat' dir='ltr'><strong>difficultates</strong></span> <span class='ocrx_word' id='word_1_297' title='bbox 1821 4046 2075 4130; x_wconf 85' lang='lat' dir='ltr'><strong>paravit</strong></span> <span class='ocrx_word' id='word_1_298' title='bbox 2116 4047 2682 4131; x_wconf 85' lang='lat' dir='ltr'><strong>Vniversitatibus,</strong></span> <span class='ocrx_word' id='word_1_299' title='bbox 2742 4067 2875 4113; x_wconf 87' lang='lat' dir='ltr'><strong>non</strong></span> <span class='ocrx_word' id='word_1_300' title='bbox 2929 4048 3134 4113; x_wconf 82' lang='lat' dir='ltr'><strong>solum</strong></span> 
     </span>
     <span class='ocr_line' id='line_1_37' title="bbox 790 4142 3135 4233; baseline 0.002 -22"><span class='ocrx_word' id='word_1_301' title='bbox 790 4152 1077 4227; x_wconf 86' lang='lat' dir='ltr'><strong>nostrae,</strong></span> <span class='ocrx_word' id='word_1_302' title='bbox 1135 4142 1255 4210; x_wconf 90' lang='lat' dir='ltr'><strong>sed</strong></span> <span class='ocrx_word' id='word_1_303' title='bbox 1310 4144 1503 4211; x_wconf 89' lang='lat' dir='ltr'><strong>etiam</strong></span> <span class='ocrx_word' id='word_1_304' title='bbox 1558 4145 1869 4213; x_wconf 87' lang='lat' dir='ltr'><strong>finitimae</strong></span> <span class='ocrx_word' id='word_1_305' title='bbox 1908 4155 2188 4231; x_wconf 87' lang='lat' dir='ltr'><strong>nostrae,</strong></span> <span class='ocrx_word' id='word_1_306' title='bbox 2232 4149 2608 4216; x_wconf 86' lang='lat' dir='ltr'><strong>Erfurtensi.</strong></span> <span class='ocrx_word' id='word_1_307' title='bbox 2695 4149 2775 4215; x_wconf 92' lang='lat' dir='ltr'><strong>In</strong></span> <span class='ocrx_word' id='word_1_308' title='bbox 2817 4168 2943 4233; x_wconf 87' lang='lat' dir='ltr'><strong>qua</strong></span> <span class='ocrx_word' id='word_1_309' title='bbox 2986 4149 3135 4216; x_wconf 90' lang='lat' dir='ltr'><strong>olim</strong></span> 
     </span>
     <span class='ocr_line' id='line_1_38' title="bbox 790 4245 3136 4336; baseline 0.001 -24"><span class='ocrx_word' id='word_1_310' title='bbox 790 4253 1077 4332; x_wconf 87' lang='lat' dir='ltr'><strong>tempore</strong></span> <span class='ocrx_word' id='word_1_311' title='bbox 1133 4245 1400 4312; x_wconf 88' lang='lat' dir='ltr'><strong>Lutheri</strong></span> <span class='ocrx_word' id='word_1_312' title='bbox 1469 4245 1707 4314; x_wconf 86' lang='lat' dir='ltr'><strong>factum</strong></span> <span class='ocrx_word' id='word_1_313' title='bbox 1781 4256 1907 4332; x_wconf 91' lang='lat' dir='ltr'><strong>est,</strong></span> <span class='ocrx_word' id='word_1_314' title='bbox 1983 4248 2155 4333; x_wconf 91' lang='lat' dir='ltr'><strong>quod</strong></span> <span class='ocrx_word' id='word_1_315' title='bbox 2225 4252 2445 4336; x_wconf 88' lang='lat' dir='ltr'><strong>lepide</strong></span> <span class='ocrx_word' id='word_1_316' title='bbox 2499 4251 2786 4318; x_wconf 81' lang='lat' dir='ltr'><strong>narravit</strong></span> <span class='ocrx_word' id='word_1_317' title='bbox 2840 4250 2985 4336; x_wconf 78' lang='lat' dir='ltr'><strong>ipse</strong></span> <span class='ocrx_word' id='word_1_318' title='bbox 3038 4249 3136 4315; x_wconf 84' lang='lat' dir='ltr'><strong>vir</strong></span> 
     </span>
     <span class='ocr_line' id='line_1_39' title="bbox 791 4347 3133 4448; baseline 0.001 -34"><span class='ocrx_word' id='word_1_319' title='bbox 791 4348 1252 4431; x_wconf 85' lang='lat' dir='ltr'><strong>sanctissimus,</strong></span> <span class='ocrx_word' id='word_1_320' title='bbox 1328 4367 1521 4431; x_wconf 90' lang='lat' dir='ltr'><strong>quum</strong></span> <span class='ocrx_word' id='word_1_321' title='bbox 1576 4347 1663 4417; x_wconf 88' lang='lat' dir='ltr'><strong>de</strong></span> <span class='ocrx_word' id='word_1_322' title='bbox 1717 4350 2074 4448; x_wconf 81' lang='lat' dir='ltr'><strong>iuramento</strong></span> <span class='ocrx_word' id='word_1_323' title='bbox 2129 4351 2295 4436; x_wconf 88' lang='lat' dir='ltr'><strong>agit,</strong></span> <span class='ocrx_word' id='word_1_324' title='bbox 2370 4353 2670 4439; x_wconf 85' lang='lat' dir='ltr'><strong>episcopo</strong></span> <span class='ocrx_word' id='word_1_325' title='bbox 2726 4352 3133 4437; x_wconf 85' lang='lat' dir='ltr'><strong>praestando.</strong></span> 
     </span>
    </p>
   </div>
   <div class='ocr_carea' id='block_1_3' title="bbox 3414 825 3447 5170">
    <p class='ocr_par' dir='ltr' id='par_1_3' title="bbox 3414 825 3447 5170">
     <span class='ocr_line' id='line_1_40' title="bbox 3414 825 3447 5170; baseline 0 0"><span class='ocrx_word' id='word_1_326' title='bbox 3414 825 3447 5170; x_wconf 95' lang='lat' dir='ltr'><strong> </strong></span> 
     </span>
    </p>
   </div>
  </div>
 </body>
</html>
