3499 5219
1689 419 1804 427 ffl-
1900 385 2203 449 90-

778 552 1179 639 paciscendo,
1227 554 1419 619 ceteri
1448 555 1514 619 vi
1541 553 1610 618 id
1639 553 1811 634 quod
1840 554 2150 637 optabant
2177 553 2433 635 assequi
2475 552 2838 618 studebant.
2905 553 3116 617 Etiam

780 657 955 741 apud
998 676 1115 720 nos
1157 655 1341 719 initia
1382 655 1569 720 huius
1612 657 1706 720 rei
1746 655 1918 720 facta
1961 662 2125 720 sunt.
2199 655 2331 721 Sed
2370 656 2515 738 ipsa
2542 655 2909 739 praesentia
2951 655 3116 738 prin-

781 759 941 842 cipis
996 757 1227 838 nostri,
1295 757 1431 822 eius
1495 757 1660 821 lenis
1714 758 1990 822 hortatio
2050 757 2493 823 seditiosorum
2549 764 2614 822 et
2672 758 2874 822 oratio
2931 757 3114 837 seria,

781 862 1036 944 pietatis
1094 858 1496 942 plenissima,
1555 859 1719 923 adeo
1766 879 1982 924 eorum
2038 859 2286 924 animos
2341 859 2641 943 perculit,
2699 865 2768 923 ut
2822 858 2949 941 ipsi
2989 859 3115 922 vim

781 963 1038 1046 pietatis
1081 966 1536 1043 cognoscerent
1579 967 1643 1025 et
1697 981 1932 1043 magno
1990 962 2221 1044 plausu
2275 968 2467 1044 atque
2520 961 2764 1042 ingenti
2808 959 3117 1024 acclama-

780 1066 954 1130 tione
999 1061 1402 1129 CAROLVM
1444 1062 1980 1128 FRIDERICVM
2024 1063 2410 1146 exciperent.

951 1166 1162 1231 Testis
1218 1165 1409 1246 igitur
1462 1164 1605 1247 ipsa
1647 1164 1935 1229 Vimaria
1997 1171 2094 1230 est
2155 1185 2344 1247 quam
2404 1164 2571 1229 altas
2625 1163 2872 1228 radices
2929 1163 3118 1228 etiam

782 1268 956 1352 apud
1012 1287 1131 1332 nos
1175 1267 1376 1349 egerit
1429 1267 1637 1349 pietas
1692 1272 1757 1331 et
1799 1287 1979 1331 amor
2034 1286 2188 1348 erga
2242 1267 2449 1331 avitos
2505 1265 2857 1349 principes:
2914 1283 3120 1346 neque

781 1371 982 1435 multo
1025 1369 1212 1433 aliter
1262 1389 1366 1434 res
1420 1368 1646 1433 habuit
1698 1369 1873 1451 apud
1928 1368 2110 1434 alios.
2212 1368 2624 1433 Germaniam
2669 1367 2869 1448 enim,
2930 1386 3120 1448 quam

783 1473 973 1538 etiam
1004 1470 1397 1554 reipublicae
1424 1469 1628 1534 forma
1657 1489 1852 1534 unam
1883 1489 2024 1535 esse
2053 1470 2508 1535 vehentissime
2538 1470 2816 1553 cupiunt,
2860 1488 3121 1550 magno-

781 1593 934 1657 pere
975 1591 1219 1651 vereor,
1265 1578 1336 1635 ut
1378 1571 1484 1636 vel
1528 1577 1749 1636 nostra
1791 1571 1898 1637 vel
1941 1573 2233 1655 proxima
2275 1578 2454 1638 aetas
2497 1591 2648 1637 vere
2690 1572 2935 1635 unitam
2978 1589 3122 1635 con-

780 1676 1025 1759 spiciat.
1084 1674 1220 1758 Ipsi
1251 1674 1420 1738 enim
1451 1672 1775 1739 effecimus
1805 1680 1893 1755 ut,
1922 1674 2368 1739 reformatione
2399 1674 2709 1739 ecclesiae
2738 1672 3123 1737 christianae

781 1777 1081 1861 perfecta,
1128 1775 1254 1840 duo
1298 1775 1480 1856 quasi
1523 1780 1733 1839 castra
1774 1775 1844 1838 in
1880 1775 2226 1841 Germania
2265 1776 2690 1857 inveniantur,
2736 1776 2943 1839 altera
2984 1793 3123 1857 pro·

777 1878 1179 1959 testantium,
1238 1876 1691 1940 catholicorum
1734 1877 1973 1958 altera,
2030 1898 2195 1960 quae
2248 1879 2429 1942 nulla
2483 1897 2765 1960 unquam
2807 1873 3125 1941 communi

779 1980 1171 2064 reipublicae
1214 1977 1417 2042 forma
1460 1978 1784 2043 conciliari
1827 1986 2153 2062 poterunt,
2213 1980 2338 2045 nisi
2380 1979 2449 2044 id
2492 1978 2602 2043 fiat
2643 1980 2709 2043 vi
2754 1985 2818 2043 et
2861 1996 3124 2059 occupa-

782 2083 988 2163 tione,
1049 2101 1164 2164 per
1204 2079 1614 2144 fortissimum
1657 2081 1937 2162 aliquem
1982 2100 2251 2163 eumque
2295 2081 2591 2163 egregiae
2631 2080 2869 2146 indolis
2911 2086 3125 2163 tyran-

784 2205 955 2263 num,
1002 2183 1255 2263 qualem
1300 2201 1455 2246 suae
1497 2181 1892 2263 reipublicae
1937 2183 2202 2266 optabat
2243 2184 2458 2266 Plato;
2504 2182 2714 2247 stultis
2745 2183 2916 2247 enim
2963 2180 3124 2246 sedi-

782 2285 1091 2365 tionibus,
1148 2285 1253 2348 vel
1313 2284 1420 2347 hic
1462 2285 1566 2348 vel
1625 2283 1761 2347 illic
1803 2283 2145 2365 faciendis,
2202 2285 2364 2349 nihil
2408 2283 2713 2349 efficietur
2754 2283 2881 2348 nisi
2923 2283 3126 2347 acrior

785 2386 1134 2452 dominatio
1196 2404 1569 2465 morumque
1640 2385 1846 2467 magis
1909 2385 2240 2468 magisque
2302 2386 2755 2467 ingravescens
2819 2385 3123 2468 pravitas.

783 2490 948 2554 Eum
990 2494 1332 2571 tyrannum
1375 2492 1613 2567 tamen,
1660 2506 1847 2569 quem
1892 2495 2235 2569 auguratus
2279 2508 2436 2568 sum,
2483 2488 2592 2569 qui
2633 2488 2863 2570 cupiat,
2908 2487 3128 2551 videat

784 2591 915 2671 ille,
961 2608 1044 2655 ne
1084 2607 1390 2670 magnum
1430 2586 1746 2654 libertatis
1792 2595 1856 2654 et
1898 2590 2130 2654 civium
2175 2596 2239 2682 et
2266 2589 2417 2656 fidei
2444 2589 2646 2673 ipsius
2676 2589 3126 2655 detrimentum

785 2693 1018 2776 capiat,
1064 2710 1230 2756 neve
1273 2691 1414 2773 ipse
1455 2710 1571 2773 pro
1616 2691 1913 2757 libertate
1955 2698 2228 2756 sectetur
2270 2692 2405 2758 eius
2447 2692 2756 2757 umbram.
2845 2693 3017 2757 Dum
3059 2690 3128 2755 id

782 2796 975 2877 igitur
1017 2792 1304 2874 eveniat,
1365 2792 1535 2875 quod
1577 2813 1903 2874 nunquam
1957 2794 2226 2858 fortasse
2270 2794 2551 2873 eveniet,
2609 2794 2913 2858 faciemus
2958 2792 3128 2875 quod

786 2896 998 2977 decet,
1073 2913 1282 2959 mores
1313 2917 1335 2940 0
1353 2900 1603 2959 nostros
1662 2894 2115 2976 castigabimus
2171 2895 2399 2977 quibus
2457 2895 2987 2977 degeneravimus
3043 2894 3125 2972 ab

785 2997 1081 3079 antiquis,
1126 2996 1527 3077 modestiam,
1573 2996 2030 3077 fortitudinem,
2077 2996 2401 3078 iustitiam,
2449 2997 2829 3080 sapientiam
2861 2997 3127 3062 sectabi-

783 3120 925 3163 mur
968 3119 1091 3180 quo
1135 3097 1440 3163 efficietur
1480 3104 1551 3161 ut
1608 3097 1801 3162 etiam
1857 3097 2113 3163 discreti
2169 3099 2240 3162 in
2296 3099 2508 3163 varias
2574 3099 2902 3179 nationeS,
2964 3118 3149 3164 com·.

785 3200 995 3265 munis
1023 3206 1238 3264 tamen
1268 3200 1517 3283 patriae
1547 3200 1946 3264 vinculorum
1990 3221 2120 3264 non
2160 3200 2581 3282 immemores,
2626 3200 2814 3265 liberi
2844 3200 3128 3264 dicamur

788 3320 929 3366 esse
972 3308 1036 3365 et
1078 3307 1393 3383 potentes,
1440 3320 1648 3383 neque
1691 3301 1944 3383 indigni
1985 3302 2249 3366 meliore
2290 3302 2563 3366 fortuna.

955 3404 1055 3466 Tu
1097 3410 1338 3483 autem,
1383 3403 1554 3468 bone
1606 3403 1802 3482 Deus,
1859 3405 2107 3467 salvum
2161 3404 2384 3469 iubeas
2438 3424 2581 3470 esse
2634 3410 2920 3470 nostrum
2962 3404 3127 3486 prin-

787 3504 992 3586 cipem
1051 3503 1457 3570 CAROLVM
1513 3504 2080 3587 FRIDERICVM,
2140 3508 2473 3571 Rectorem
2529 3505 2717 3570 huius
2760 3505 3126 3570 academiae

786 3604 1497 3687 Magnificentissimum,
1543 3625 1814 3687 eumque
1857 3607 1913 3671 si
1954 3605 2088 3673 fieri
2129 3609 2363 3690 poterit
2404 3628 2595 3689 quam
2624 3608 2977 3672 diutissime
3019 3626 3127 3671 no-

785 3707 886 3772 bis
916 3727 1241 3788 conserva,
1288 3708 1602 3789 simulque
1631 3707 1952 3789 egregiam
1982 3708 2118 3773 eius
2146 3722 2447 3791 uxorem,
2473 3708 2831 3791 MARIAM,
2864 3715 3128 3773 matrem

791 3808 1058 3891 patriae,
1104 3829 1244 3873 cum
1291 3816 1426 3873 tota
1469 3810 1606 3875 eius
1647 3809 1895 3874 familia
1937 3830 2014 3874 ac
2058 3812 2270 3895 stirpe.
