3499 5219
1328 407 1894 470 *193—

445 573 669 638 Ταῦτα
723 571 806 637 τὰ
868 568 993 655 ἔπη
1054 568 1198 652 ἐμοὶ
1256 571 1374 653 μὲν
1432 572 1613 638 δοκεῖ
1657 596 1836 650 τινος
1881 578 2190 659 μαγείρου
2237 569 2404 641 εἶναι
2447 576 2699 658 μᾶλλον
2742 570 2784 662 ἢ

438 676 556 739 τοῦ
598 671 1098 755 μουσικωτάτου
1126 668 1439 738 Ἡσιόδου
1469 711 1555 722 --
1587 675 1766 740 δοκεῖ
1809 664 1924 739 οὖν
1970 674 2114 759 ἐμοὶ
2164 670 2364 741 αὐτοῦ
2408 681 2524 744 τοῦ
2553 673 2782 745 Εὔθυ-

438 774 648 861 δήμου
694 768 863 841 εἶναι
903 773 988 839 τὰ
1032 771 1396 863 ποιήματα.
1488 776 1728 860 Scripsi
1772 797 2026 860 versus,
2075 778 2438 846 Casauboni
2482 782 2781 850 emenda-

435 881 716 946 tionibus
759 873 1086 959 adhibitis,
1132 884 1202 942 ut
1244 878 1403 942 mihi
1444 875 1743 943 videntur
1785 880 2143 963 corrigendi
2189 902 2348 949 esse.
2425 882 2501 948 V.
2531 883 2583 949 I.
2628 884 2782 968 legi-

431 990 538 1048 tur
582 973 882 1064 ἄμφακες
920 979 1041 1060 μὲν
1086 966 1353 1062 πρῶτον
1388 975 1500 1043 καὶ
1526 1002 1912 1061 κριταιαντα
1940 983 2046 1046 καὶ
2079 981 2299 1066 θιόην,
2346 985 2463 1050 sed
2493 994 2781 1070 apertum

435 1092 534 1151 est
592 1083 674 1149 de
724 1083 804 1147 iis
860 1081 1143 1165 piscibus
1199 1100 1555 1147 sermonem
1611 1101 1786 1164 esse,
1863 1101 2126 1166 quorum
2182 1086 2394 1169 capita
2448 1087 2782 1155 abscinde·

435 1188 669 1251 bantur
710 1185 1078 1267 priusquam
1121 1184 1511 1248 salsamenta
1553 1181 1809 1266 fierent,
1868 1184 2371 1270 πιθογάστρους
2414 1210 2472 1252 v.
2521 1193 2578 1254 3.
2641 1209 2781 1257 esse

434 1289 644 1371 pisces
699 1305 841 1350 cum
895 1284 1224 1350 ventribus
1282 1284 1596 1350 doliorum
1642 1287 2088 1368 magnitudine
2143 1309 2272 1353 non
2330 1310 2490 1373 opus
2546 1299 2644 1358 est
2712 1299 2783 1357 ut

434 1388 692 1455 uberius
737 1386 1129 1470 explicemus
1170 1386 1279 1468 iis,
1336 1385 1443 1468 qui
1495 1386 1602 1451 vel
1643 1387 1713 1451 in
1756 1387 1978 1453 Sicilia
2017 1390 2125 1454 vel
2166 1390 2235 1454 in
2281 1390 2552 1457 Graecia
2593 1394 2780 1477 thyn-

434 1509 660 1557 norum
702 1487 1043 1554 adfuerunt
1083 1487 1550 1553 venationibus.
1623 1487 1701 1552 V.
1735 1492 1793 1552 5.
1838 1496 2123 1571 praestat
2165 1491 2269 1555 καὶ
2316 1493 2592 1559 scribere
2635 1513 2778 1559 cum

436 1591 1045 1674 Schweighaeusero
1088 1610 1203 1674 pro
1249 1593 1376 1656 ναί.
1450 1589 1526 1654 V.
1560 1592 1618 1656 8.
1649 1589 1941 1655 inaudita
1969 1591 2268 1675 leguntur
2295 1593 2399 1657 καὶ
2435 1590 2775 1677 σκόμβρων

433 1697 696 1776 βυθίων
741 1716 812 1757 τε
855 1692 962 1755 καὶ
1018 1684 1323 1774 εὗχόρτου
1383 1686 1796 1773 λιβιβάττεω.
1917 1691 1992 1756 V.
2045 1698 2140 1758 10.
2201 1714 2316 1776 pro
2377 1692 2599 1778 φυγών
2657 1696 2778 1762 for-

432 1802 607 1861 tasse
663 1794 891 1860 melius
947 1794 1063 1859 erit
1122 1793 1396 1859 scribere
1461 1791 1700 1855 πλέων.
1803 1793 2038 1859 Postea
2081 1792 2487 1876 Γαδειρόθεν
2531 1799 2778 1863 correxi

433 1917 551 1982 pro
624 1892 1037 1973 Γαδειράθεν
1056 1945 1071 1971 ,
1150 1894 1322 1977 quod
1391 1914 1648 1978 prorsus
1721 1903 2037 1979 repugnat
2107 1897 2447 1978 analogiae
2518 1899 2777 1981 linguae

434 2018 722 2083 graecae.

1561 2165 1646 2229 II.

605 2302 683 2366 In
739 2299 1012 2385 epistola
1053 2298 1386 2364 Platonica
1429 2300 1545 2364 XI.
1602 2298 1690 2366 ad
1732 2299 2240 2368 Laodamantem
2290 2324 2354 2387 p.
2402 2306 2568 2370 359.
2619 2304 2773 2371 Hst.

432 2405 730 2487 leguntur
771 2401 960 2467 haec:
1020 2402 1518 2492 Συμβουλεῦσαι
1561 2405 1790 2482 μέντοι
1835 2401 1957 2482 ἔχω
2003 2407 2114 2467 σοί
2155 2426 2226 2469 τε
2266 2401 2377 2469 καὶ
2424 2413 2565 2481 τοῖς
2610 2405 2774 2471 οἰκι-

437 2514 626 2580 σταῖς
682 2498 717 2566 3
778 2499 1084 2579 εἰπόντος
1140 2501 1259 2582 μὲν
1318 2500 1508 2583 ἐμοῦ,
1571 2502 1773 2588 φησὶν
1824 2497 2161 2583 (Ησίοδος,
2222 2503 2412 2584 δόξαι
2468 2497 2547 2570 ἂν
2606 2500 2775 2573 εἶναι

438 2606 724 2692 φαῦλον,
798 2602 1086 2685 χαλεπὸν
1163 2603 1235 2669 δὲ
1309 2604 1563 2688 νοῆσαι.
1664 2604 1885 2673 Facile
1958 2607 2077 2673 erit
2146 2607 2529 2676 versiculum
2598 2609 2776 2677 resti-

433 2717 612 2775 tuere
668 2709 787 2772 ita:
2146 2704 2152 2710 ’

1528 2855 1614 2920 ιῸ
1661 2854 1935 2930 εἰπόντος
1974 2859 2088 2937 μὲν
2130 2861 2292 2938 ἐμεῖο

830 2943 1085 3005 Φαῦλόν
1126 2967 1224 3004 κεν
1269 2938 1491 3015 δόξειεν
1535 2939 1690 3019 guar,
1728 2943 2005 3021 χαλεπὸν
2047 2943 2114 3006 δὲ
2160 2951 2387 3024 νοῆσαι.

432 3112 952 3198 Significaveram
1023 3113 1145 3178 hoc
1215 3112 1638 3195 fragmentum
1712 3118 1783 3177 ut
1848 3116 2366 3197 praetermissum
2427 3116 2496 3180 in
2550 3117 2772 3185 Diario

432 3217 699 3281 classico
741 3214 1185 3297 Marburgensi
1226 3214 1303 3278 A.
1355 3217 1536 3279 1846.
1582 3214 1661 3278 N.
1714 3219 1852 3280 143.
1897 3236 1961 3299 p.
2012 3220 2228 3298 1143„
2286 3217 2403 3283 sed.
2444 3239 2575 3283 non
2618 3219 2774 3289 satis

432 3322 744 3382 accurate.
818 3315 1108 3397 Vestigia
1149 3317 1486 3383 verborum
1530 3315 1993 3398 platonicorum
2027 3317 2296 3384 fortasse
2322 3319 2463 3402 quis
2491 3321 2774 3403 pressius

430 3417 658 3502 legerit
710 3418 803 3483 sie
857 3416 1225 3484 scribendo:
1287 3413 1532 3493 δόξειέν
1591 3440 1695 3481 κεν
1760 3416 2013 3502 φαῦλον
2074 3417 2222 3501 ἔμεν
2281 3444 2334 3484 κ.
2382 3445 2436 3483 τ.
2486 3419 2534 3486 ἕ.
2642 3421 2776 3489 Sed

431 3520 661 3586 melius
706 3519 825 3586 erit
869 3517 1121 3602 φαῦλον
1164 3518 1346 3584 initio
1391 3519 1727 3584 collocare.

1543 3687 1662 3751 III.

601 3824 833 3889 Pollux
876 3825 939 3905 I,
988 3829 1132 3891 231.
1178 3825 1284 3889 καὶ
1331 3821 1792 3908 φυλλοχόος
1834 3821 1988 3911 μὴν
2034 3817 2070 3886 ό
2115 3825 2320 3888 ταῦτα
2367 3828 2614 3904 ποιῶν,
2682 3823 2771 3904 ὥς

426 3920 750 4002 Ἡσίοδος.
839 3923 944 3991 Ad
974 3921 1222 4009 Ἔργων
1266 3946 1327 3991 v.
1376 3931 1517 3992 421.
1564 3946 1693 3991 non
1735 3926 2031 4011 pertinet.

1551 4094 1662 4161 IV.

601 4232 833 4298 Pollux
888 4230 1018 4313 111,
1087 4232 1181 4294 19.
1251 4223 1558 4314 Ἀγαπη
1577 4229 1666 4316 τὴ
1740 4225 2109 4317 θυγάτηρ
2184 4228 2322 4313 πὰρ
2373 4224 2659 4316 Ἡσιόδῳ
2725 4227 2765 4295 ²⁵

431 4330 799 4420 μονογενής.
889 4333 995 4400 Ad
1025 4327 1267 4416 Ἔργων
1313 4353 1373 4398 v.
1420 4337 1561 4398 376.
1609 4353 1739 4397 non
1782 4334 2075 4416 pertinet.

534 4442 829 4489 Gonwnmu.
857 4442 1072 4493 opuscula.
1158 4491 1167 4500 ·
2300 4435 2361 4485 13
