3499 5219
1283 411 1806 472 ..9γῇ

364 603 408 646 a
452 581 727 648 Caesare
771 579 1091 662 dimissus,
1136 582 1361 645 Ienam
1404 598 1596 662 quum
1639 580 1941 661 venisset,
1983 580 2334 647 laetissime
2377 581 2705 649 florentem

363 703 673 768 praesens
715 684 1066 766 conspexit,
1114 703 1302 765 quam
1345 682 1580 747 absens
1611 688 1917 763 tanquam
1947 683 2264 748 coloniam
2295 684 2733 768 Vitebergen-‘

365 805 504 851 sem
532 786 657 849 huc
687 784 1002 850 deducere
1032 783 1207 869 apud
1236 804 1306 850 se
1336 783 1768 849 constituerat.
1822 785 2139 850 Reversus
2170 793 2268 851 est
2295 793 2509 852 autem
2538 808 2707 853 anno

365 886 708 952 millesimo
739 886 1248 972 quingentesimo
1278 886 1800 968 quinquagesimo
1831 887 2032 951 altero
2061 894 2396 970 postquam
2421 890 2712 955 Passavii

364 989 538 1054 facta
592 989 801 1072 pactio
858 995 1056 1070 esset,
1121 1008 1311 1071 quam
1371 987 1629 1052 Caesari
1682 988 2022 1053 Mauricius
2079 997 2460 1072 extorserat,
2517 992 2712 1057 armis

367 1091 619 1156 felicius
675 1089 903 1174 gestis,
963 1110 1153 1172 quam
1207 1108 1577 1154 concessum
1635 1095 1773 1154 erat
1814 1089 2186 1157 IOHANNI
2227 1093 2710 1159 FRIDERICO.

370 1193 609 1258 Verum
651 1211 860 1274 neque
902 1190 995 1255 ita
1039 1190 1147 1255 diu
1188 1190 1425 1256 fructus
1456 1197 1553 1256 est
1579 1191 1703 1256 hac
1729 1192 2046 1275 libertate,
2093 1214 2285 1275 quum
2314 1195 2424 1259 vix
2451 1196 2711 1261 biennio

369 1301 516 1378 post
540 1294 623 1358 ad
646 1314 864 1358 veram
885 1294 1246 1358 libertatem
1268 1300 1472 1358 morte
1497 1299 1867 1358 evocaretur
1890 1293 1994 1360 die
2016 1296 2201 1361 tertio
2225 1298 2463 1362 mensis
2482 1297 2713 1362 Martii.

542 1396 751 1461 Lubet
777 1393 972 1460 hodie
1000 1395 1201 1460 verba
1230 1394 1701 1481 simplicissima
1730 1402 2038 1479 repetere,
2076 1418 2240 1480 quae
2269 1405 2403 1463 tum
2434 1398 2710 1481 quidem,

370 1520 565 1582 quum
620 1497 840 1561 mortis
869 1497 1033 1562 ‘eius
1088 1496 1357 1562 nuncius
1412 1495 1807 1563 tristissimus
1861 1499 2261 1581 pervenisset
2315 1500 2572 1581 Ienam,
2633 1519 2714 1565 ex

370 1602 496 1666 hac
537 1602 680 1684 ipsa
722 1597 1028 1664 cathedra
1069 1597 1289 1662 audita
1331 1603 1510 1662 sunt:

544 1699 1029 1784 „IOHANNES
1058 1697 1574 1765 FRIDERICVS
1606 1699 1834 1766 similis
1864 1702 1987 1768 sibi
2015 1703 2133 1767 fuit
2160 1703 2228 1767 in
2258 1705 2431 1768 omni
2458 1704 2718 1769 vivendi

373 1805 641 1886 ratione,
685 1809 916 1869 natura
956 1803 1183 1884 bonus,
1226 1821 1444 1882 verax,
1492 1808 1721 1883 castus,
1779 1804 2014 1887 gravis,
2071 1804 2224 1869 iuris
2268 1812 2332 1870 et
2376 1807 2565 1888 aequi
2611 1806 2717 1872 ob-

376 1906 921 1988 servantissimus,
991 1904 1233 1971 nemini
1287 1902 1618 1985 invidens,
1663 1906 1935 1973 ‘nemini
1986 1907 2377 1988 obtrectans,
2438 1910 2718 1974 tolerans

373 2008 777 2090 iniuriarum,
837 2005 1007 2090 quod
1049 2006 1154 2072 vel
1201 2025 1280 2072 ex
1325 2025 1400 2072 eo
1442 2005 1687 2088 liquide
1729 2014 2009 2090 constat,
2067 2006 2238 2091 quod
2291 2016 2491 2074 totum
2542 2011 2719 2093 quin-

378 2109 722 2195 quennium
768 2109 945 2176 exilii
988 2115 1052 2174 et
1095 2105 1420 2173 custodiae
1461 2126 1615 2173 suae
1643 2108 1735 2172 ita
1764 2108 2019 2192 placido
2049 2117 2242 2192 atque
2271 2131 2475 2194 aequo
2504 2113 2717 2177 animo
2808 2178 2815 2183 ,

376 2212 703 2293 sustinuit,
760 2218 832 2276 ut
872 2210 1052 2274 nulla
1092 2229 1221 2274 vox
1264 2208 1497 2274 acerba
1545 2214 1657 2274 aut
1700 2213 2159 2277 contumeliosa
2201 2210 2269 2277 in
2310 2210 2717 2280 'adversarios

377 2316 515 2381 eius
574 2333 853 2396 unquam
907 2311 1129 2377 audita
1180 2310 1433 2377 fuerit.“
1530 2310 1637 2376 Sic
1679 2311 2012 2395 Stigelius,
2072 2315 2314 2399 primus
2356 2303 2542 2381 huius
2587 2317 2721 2380 uni·

379 2415 700 2482 versitatis
746 2413 1147 2497 eloquentiae
1192 2420 1256 2479 et
1295 2413 1514 2498 poesis
1557 2412 1901 2496 professor.-

551 2517 682 2583 Sed
725 2515 1094 2600 primarium
1136 2522 1262 2595 est,
1321 2512 1491 2596 quod
1532 2514 1712 2583 initio
1759 2515 1922 2599 dixi,
1979 2516 2396 2587 fundamenta
2434 2519 2583 2585 iecit
2626 2518 2723 2583 fir-

381 2621 667 2687 missima
718 2619 1033 2685 libertatis
1088 2617 1429 2698 ecclesiae,
1487 2636 1678 2700 quam
1732 2635 1863 2684 non
1918 2620 2299 2690 haberemus
2338 2621 2485 2688 siue
2524 2621 2725 2688 admi-

381 2722 572 2808 rabili
614 2721 752 2788 eius
796 2719 1155 2787 constantia
1197 2725 1262 2786 et
1303 2718 1690 2788 fortitudine.
1767 2720 1995 2788 Verius
2040 2722 2228 2801 enim,
2277 2723 2446 2804 quod
2478 2725 2726 2792 Ennius

380 2824 537 2888 olim
594 2822 675 2888 de
731 2822 806 2901 Q.
850 2821 1051 2886 Fabio
1095 2820 1376 2888 Maximo
1435 2819 1626 2901 dixit,
1693 2821 1779 2887 de
1821 2820 2215 2888 IOHANNE
2260 2824 2724 2894 FRIDERICO

382 2931 596 3009 potest
638 2922 1029 3007 praedicari:
2700 2967 2707 2978 .

734 3028 1006 3088 Noenum
1050 3026 1308 3103 ponebat
1350 3043 1615 3086 rumores
1660 3031 1795 3087 ante
1842 3028 2105 3090 salutem.

733 3114 895 3189 Ergo
938 3115 1188 3190 postque
1231 3110 1537 3187 magisque
1581 3111 1695 3170 viri
1737 3130 1895 3174 nunc
1938 3114 2132 3189 gloria
2174 3115 2376 3174 claret.
2504 3195 2519 3201 “

385 3232 628 3295 Iustum
689 3235 787 3295 est
840 3226 1032 3311 igitur
1085 3228 1206 3294 hoc
1262 3226 1518 3310 publice
1587 3228 1995 3310 pronunciari
2057 3230 2140 3294 ab
2198 3231 2323 3298 hac
2374 3230 2724 3316 academia,

384 3333 646 3397 alumna
715 3331 954 3413 egregii
1021 3330 1172 3410 viri,
1248 3347 1411 3411 quae
1475 3328 1560 3392 ab
1632 3329 1880 3411 exiguis
1936 3331 2221 3414 profecta
2272 3332 2471 3398 initiis
2524 3334 2728 3417 magis

387 3434 717 3516 magisque
761 3433 989 3513 crevit,
1052 3438 1120 3495 ut
1163 3431 1324 3496 nulli
1369 3430 1497 3495 iam
1540 3430 1835 3496 videatur
1877 3432 2149 3502 inferior.
2180 3453 2342 3502 esse.
2430 3434 2729 3506 Memine-

387 3537 583 3601 rimus
626 3542 839 3600 autem
881 3552 1146 3602 necesse
1188 3538 1314 3613 est,
1371 3532 1532 3597 nihil
1579 3549 1719 3598 esse
1760 3540 1895 3598 tam
1937 3535 2194 3600 salubre
2236 3542 2299 3600 et
2341 3535 2728 3617 frugiferum,

390 3657 578 3720 quam
623 3636 904 3720 exempli
949 3636 1328 3702 documenta
1370 3634 1450 3698 in⁴
1486 3633 1739 3715 egregio
1766 3620 1998 3717 'posita
2038 3643 2445 3702 monumento
2479 3637 2729 3712 intueri.

391 3740 528 3804 Hoc
587 3739 951 3822 exemplum
1007 3737 1193 3804 nobis
1251 3743 1387 3802 esto
1433 3733 1874 3802 IOHANNES
1919 3737 2495 3820 FRIDERIGVS,.
2524 3747 2618 3822 et,
2676 3741 2733 3806 si

390 3860 524 3906 non
579 3840 944 3905 conceditur
999 3838 1183 3906 nobis
1242 3837 1550 3902 virtutem·
1596 3837 1716 3901 viri
1770 3838 2034 3918 imitari,
2109 3846 2278 3908 certe
2351 3840 2729 3922 libertatem,

391 3942 568 4007 cuius
611 3942 779 4008 hanc
812 3942 924 4007 ille
954 3940 1174 4008 sedem
1201 3955 1346 4004 esse
1376 3938 1596 4016 voluit,
1646 3938 1987 4021 doctrinae,
2034 3941 2404 4024 litterarum,
2452 3941 2618 4023 fidei,
2648 3977 2730 3989 --

393 4043 682 4125 fideliter,
741 4049 1124 4123 constanter,
1170 4040 1417 4107 fortiter
1459 4040 1943 4123 continebimus,
1990 4043 2504 4126 propagabImus,
2553 4051 2633 4125 et,
2678 4044 2734 4110 si

391 4166 554 4229 opus
599 4147 708 4226 sit,
767 4165 883 4228 pro
927 4145 1097 4209 virili
1138 4148 1322 4227 parte
1361 4142 1939 4225 propugnabimus,
2000 4144 2152 4210 dicti
2194 4145 2369 4210 illius
2411 4146 2733 4218 fortissimi

396 4248 712 4314 Electoris
752 4265 1097 4314 memores:
1143 4246 1488 4325 Pergamus
1532 4244 1753 4325 igitur!

500 4458 779 4498 Gom-‘runo
793 4489 803 4502 ,
831 4458 1046 4509 opuscula.
2300 4451 2326 4494 7
