<?xml version="1.0" encoding="UTF-8"?>
<!DOCTYPE html PUBLIC "-//W3C//DTD XHTML 1.0 Transitional//EN"
    "http://www.w3.org/TR/xhtml1/DTD/xhtml1-transitional.dtd">
<html xmlns="http://www.w3.org/1999/xhtml" xml:lang="en" lang="en">
 <head>
  <title>
</title>
<meta http-equiv="Content-Type" content="text/html;charset=utf-8" />
  <meta name='ocr-system' content='tesseract 3.04.00' />
  <meta name='ocr-capabilities' content='ocr_page ocr_carea ocr_par ocr_line ocrx_word'/>
</head>
<body>
  <div class='ocr_page' id='page_1' title='image "./opusculaacademi00goetgoog_0053.png"; bbox 0 0 3499 5219; ppageno 0'>
   <div class='ocr_carea' id='block_1_1' title="bbox 406 575 2762 1981">
    <p class='ocr_par' dir='ltr' id='par_1_1' title="bbox 406 575 2762 1981">
     <span class='ocr_line' id='line_1_1' title="bbox 412 575 2762 660; baseline 0.001 -18"><span class='ocrx_word' id='word_1_1' title='bbox 412 576 701 643; x_wconf 88' lang='lat' dir='ltr'>medicus</span> <span class='ocrx_word' id='word_1_2' title='bbox 744 576 1054 660; x_wconf 84' lang='lat' dir='ltr'>egregius,</span> <span class='ocrx_word' id='word_1_3' title='bbox 1099 575 1187 641; x_wconf 86' lang='lat' dir='ltr'>ad</span> <span class='ocrx_word' id='word_1_4' title='bbox 1230 575 1573 642; x_wconf 83' lang='lat' dir='ltr'>Caesarem</span> <span class='ocrx_word' id='word_1_5' title='bbox 1613 575 2099 642; x_wconf 87' lang='lat' dir='ltr'>Ferdinandum</span> <span class='ocrx_word' id='word_1_6' title='bbox 2140 577 2193 641; x_wconf 90' lang='grc' dir='ltr'>Ι.</span> <span class='ocrx_word' id='word_1_7' title='bbox 2236 577 2468 643; x_wconf 87' lang='lat' dir='ltr'>missus</span> <span class='ocrx_word' id='word_1_8' title='bbox 2513 584 2643 660; x_wconf 88' lang='lat' dir='ltr'>est,</span> <span class='ocrx_word' id='word_1_9' title='bbox 2689 584 2762 645; x_wconf 83' lang='lat' dir='ltr'>ut</span> 
     </span>
     <span class='ocr_line' id='line_1_2' title="bbox 412 677 2760 764; baseline 0 -20"><span class='ocrx_word' id='word_1_10' title='bbox 412 677 841 763; x_wconf 86' lang='lat' dir='ltr'>‚,privilegia“</span> <span class='ocrx_word' id='word_1_11' title='bbox 884 678 975 743; x_wconf 88' lang='lat' dir='ltr'>sic</span> <span class='ocrx_word' id='word_1_12' title='bbox 1017 677 1191 743; x_wconf 85' lang='lat' dir='ltr'>dicta</span> <span class='ocrx_word' id='word_1_13' title='bbox 1231 677 1622 744; x_wconf 76' lang='lat' dir='ltr'><strong>Academiae</strong></span> <span class='ocrx_word' id='word_1_14' title='bbox 1650 677 1944 744; x_wconf 82' lang='lat' dir='ltr'>lenensis</span> <span class='ocrx_word' id='word_1_15' title='bbox 1985 697 2102 761; x_wconf 91' lang='lat' dir='ltr'>per</span> <span class='ocrx_word' id='word_1_16' title='bbox 2144 677 2524 744; x_wconf 88' lang='lat' dir='ltr'>decennium</span> <span class='ocrx_word' id='word_1_17' title='bbox 2568 700 2760 764; x_wconf 90' lang='lat' dir='ltr'>expe-</span> 
     </span>
     <span class='ocr_line' id='line_1_3' title="bbox 409 777 2758 866; baseline 0.001 -21"><span class='ocrx_word' id='word_1_18' title='bbox 409 781 531 847; x_wconf 88' lang='lat' dir='ltr'>tita</span> <span class='ocrx_word' id='word_1_19' title='bbox 585 780 926 846; x_wconf 82' lang='lat' dir='ltr'>ederentur</span> <span class='ocrx_word' id='word_1_20' title='bbox 983 778 1266 844; x_wconf 89' lang='lat' dir='ltr'>tandem.</span> <span class='ocrx_word' id='word_1_21' title='bbox 1367 777 1571 858; x_wconf 81' lang='lat' dir='ltr'>Quem</span> <span class='ocrx_word' id='word_1_22' title='bbox 1628 780 1839 863; x_wconf 89' lang='lat' dir='ltr'>elegia</span> <span class='ocrx_word' id='word_1_23' title='bbox 1909 779 2190 861; x_wconf 91' lang='lat' dir='ltr'>quadam</span> <span class='ocrx_word' id='word_1_24' title='bbox 2259 782 2699 866; x_wconf 83' lang='lat' dir='ltr'>propemptica</span> <span class='ocrx_word' id='word_1_25' title='bbox 2712 784 2758 860; x_wconf 86' lang='lat'>¹)</span> 
     </span>
     <span class='ocr_line' id='line_1_4' title="bbox 411 880 2759 971; baseline 0.001 -24"><span class='ocrx_word' id='word_1_26' title='bbox 411 881 655 948; x_wconf 90' lang='lat' dir='ltr'>dimisit</span> <span class='ocrx_word' id='word_1_27' title='bbox 697 881 1000 965; x_wconf 88' lang='lat' dir='ltr'>Stigelius</span> <span class='ocrx_word' id='word_1_28' title='bbox 1043 880 1153 961; x_wconf 89' lang='lat' dir='ltr'>(ad</span> <span class='ocrx_word' id='word_1_29' title='bbox 1183 880 1627 971; x_wconf 82' lang='lat' dir='ltr'>Schroeterum</span> <span class='ocrx_word' id='word_1_30' title='bbox 1670 883 1746 946; x_wconf 89' lang='lat' dir='ltr'>T.</span> <span class='ocrx_word' id='word_1_31' title='bbox 1776 881 1830 945; x_wconf 91' lang='grc' dir='ltr'>Ι.</span> <span class='ocrx_word' id='word_1_32' title='bbox 1873 880 1917 945; x_wconf 82' lang='lat' dir='ltr'>f.</span> <span class='ocrx_word' id='word_1_33' title='bbox 1948 882 2140 957; x_wconf 84' lang='lat'>357.).</span> <span class='ocrx_word' id='word_1_34' title='bbox 2211 882 2447 949; x_wconf 85' lang='lat' dir='ltr'>Postea</span> <span class='ocrx_word' id='word_1_35' title='bbox 2473 883 2542 948; x_wconf 94' lang='grc' dir='ltr'>Π</span> <span class='ocrx_word' id='word_1_36' title='bbox 2568 883 2759 950; x_wconf 85' lang='lat' dir='ltr'>Febr.</span> 
     </span>
     <span class='ocr_line' id='line_1_5' title="bbox 411 982 2759 1068; baseline 0 -19"><span class='ocrx_word' id='word_1_37' title='bbox 411 983 760 1049; x_wconf 87' lang='lat' dir='ltr'>MDLVHI</span> <span class='ocrx_word' id='word_1_38' title='bbox 812 1001 955 1048; x_wconf 89' lang='lat' dir='ltr'>cum</span> <span class='ocrx_word' id='word_1_39' title='bbox 1007 983 1207 1049; x_wconf 89' lang='lat' dir='ltr'>Ienae</span> <span class='ocrx_word' id='word_1_40' title='bbox 1262 982 1519 1066; x_wconf 88' lang='lat' dir='ltr'>publice</span> <span class='ocrx_word' id='word_1_41' title='bbox 1572 983 2131 1067; x_wconf 82' lang='lat' dir='ltr'>promulgarentur</span> <span class='ocrx_word' id='word_1_42' title='bbox 2183 982 2346 1049; x_wconf 87' lang='lat' dir='ltr'>haec</span> <span class='ocrx_word' id='word_1_43' title='bbox 2397 984 2759 1068; x_wconf 82' lang='lat' dir='ltr'>privilegia,</span> 
     </span>
     <span class='ocr_line' id='line_1_6' title="bbox 409 1078 2758 1170; baseline 0.001 -20"><span class='ocrx_word' id='word_1_44' title='bbox 409 1084 797 1151; x_wconf 87' lang='lat' dir='ltr'>faustissime</span> <span class='ocrx_word' id='word_1_45' title='bbox 840 1091 903 1150; x_wconf 90' lang='lat' dir='ltr'>et</span> <span class='ocrx_word' id='word_1_46' title='bbox 944 1078 1075 1150; x_wconf 74' lang='lat' dir='ltr'>non</span> <span class='ocrx_word' id='word_1_47' title='bbox 1118 1084 1257 1151; x_wconf 91' lang='lat' dir='ltr'>sine</span> <span class='ocrx_word' id='word_1_48' title='bbox 1299 1086 1535 1151; x_wconf 89' lang='lat' dir='ltr'>astutia</span> <span class='ocrx_word' id='word_1_49' title='bbox 1575 1084 1856 1168; x_wconf 90' lang='lat' dir='ltr'>quadam</span> <span class='ocrx_word' id='word_1_50' title='bbox 1889 1084 2250 1167; x_wconf 86' lang='lat' dir='ltr'>impetrata,</span> <span class='ocrx_word' id='word_1_51' title='bbox 2295 1084 2521 1151; x_wconf 91' lang='lat' dir='ltr'>Ienam</span> <span class='ocrx_word' id='word_1_52' title='bbox 2548 1085 2758 1170; x_wconf 80' lang='lat' dir='ltr'><strong>ipsam</strong></span> 
     </span>
     <span class='ocr_line' id='line_1_7' title="bbox 410 1185 2756 1270; baseline 0 -19"><span class='ocrx_word' id='word_1_53' title='bbox 410 1188 728 1252; x_wconf 88' lang='lat' dir='ltr'>allocutus</span> <span class='ocrx_word' id='word_1_54' title='bbox 773 1193 870 1253; x_wconf 92' lang='lat' dir='ltr'>est</span> <span class='ocrx_word' id='word_1_55' title='bbox 912 1185 1217 1270; x_wconf 84' lang='lat' dir='ltr'>Stigelius</span> <span class='ocrx_word' id='word_1_56' title='bbox 1259 1205 1558 1268; x_wconf 91' lang='lat' dir='ltr'>monens,</span> <span class='ocrx_word' id='word_1_57' title='bbox 1632 1194 1704 1252; x_wconf 94' lang='lat' dir='ltr'>ut</span> <span class='ocrx_word' id='word_1_58' title='bbox 1743 1186 2007 1251; x_wconf 88' lang='lat' dir='ltr'>tandem</span> <span class='ocrx_word' id='word_1_59' title='bbox 2052 1206 2170 1250; x_wconf 91' lang='lat' dir='ltr'>sua</span> <span class='ocrx_word' id='word_1_60' title='bbox 2219 1187 2392 1252; x_wconf 90' lang='lat' dir='ltr'>bona</span> <span class='ocrx_word' id='word_1_61' title='bbox 2444 1195 2756 1269; x_wconf 72' lang='lat' dir='ltr'>nosceret,</span> 
     </span>
     <span class='ocr_line' id='line_1_8' title="bbox 409 1285 2758 1373; baseline -0 -20"><span class='ocrx_word' id='word_1_62' title='bbox 409 1289 594 1355; x_wconf 89' lang='lat' dir='ltr'>Idem</span> <span class='ocrx_word' id='word_1_63' title='bbox 636 1288 894 1372; x_wconf 88' lang='lat' dir='ltr'>publice</span> <span class='ocrx_word' id='word_1_64' title='bbox 938 1288 1144 1354; x_wconf 83' lang='lat' dir='ltr'>oravit</span> <span class='ocrx_word' id='word_1_65' title='bbox 1184 1289 1252 1352; x_wconf 90' lang='lat' dir='ltr'>in</span> <span class='ocrx_word' id='word_1_66' title='bbox 1295 1289 1439 1373; x_wconf 89' lang='lat' dir='ltr'>ipsa</span> <span class='ocrx_word' id='word_1_67' title='bbox 1480 1288 1973 1371; x_wconf 82' lang='lat' dir='ltr'>inauguratione</span> <span class='ocrx_word' id='word_1_68' title='bbox 2002 1285 2450 1354; x_wconf 83' lang='lat' dir='ltr'>Vniversitatis</span> <span class='ocrx_word' id='word_1_69' title='bbox 2493 1288 2571 1352; x_wconf 83' lang='lat' dir='ltr'>dc</span> <span class='ocrx_word' id='word_1_70' title='bbox 2611 1310 2758 1352; x_wconf 80' lang='lat' dir='ltr'>cau-</span> 
     </span>
     <span class='ocr_line' id='line_1_9' title="bbox 407 1389 2760 1476; baseline 0.002 -23"><span class='ocrx_word' id='word_1_71' title='bbox 407 1393 499 1453; x_wconf 73' lang='lat' dir='ltr'>sis</span> <span class='ocrx_word' id='word_1_72' title='bbox 540 1410 736 1476; x_wconf 82' lang='lat' dir='ltr'>quare</span> <span class='ocrx_word' id='word_1_73' title='bbox 765 1391 1219 1453; x_wconf 73' lang='lat' dir='ltr'>constituantur</span> <span class='ocrx_word' id='word_1_74' title='bbox 1248 1390 1616 1462; x_wconf 81' lang='lat' dir='ltr'>academiae,</span> <span class='ocrx_word' id='word_1_75' title='bbox 1663 1396 1891 1474; x_wconf 84' lang='lat' dir='ltr'>postea</span> <span class='ocrx_word' id='word_1_76' title='bbox 1919 1408 2221 1473; x_wconf 87' lang='lat' dir='ltr'>pompam</span> <span class='ocrx_word' id='word_1_77' title='bbox 2249 1389 2760 1473; x_wconf 79' lang='lat' dir='ltr'>inaugurationis</span> 
     </span>
     <span class='ocr_line' id='line_1_10' title="bbox 407 1491 2758 1575; baseline 0 -18"><span class='ocrx_word' id='word_1_78' title='bbox 407 1493 478 1557; x_wconf 92' lang='lat' dir='ltr'>in</span> <span class='ocrx_word' id='word_1_79' title='bbox 522 1491 797 1575; x_wconf 90' lang='lat' dir='ltr'>epistola</span> <span class='ocrx_word' id='word_1_80' title='bbox 839 1491 927 1556; x_wconf 85' lang='lat' dir='ltr'>ad</span> <span class='ocrx_word' id='word_1_81' title='bbox 953 1492 1266 1556; x_wconf 88' lang='lat' dir='ltr'>Ioannem</span> <span class='ocrx_word' id='word_1_82' title='bbox 1299 1491 1566 1556; x_wconf 88' lang='lat' dir='ltr'>Marium</span> <span class='ocrx_word' id='word_1_83' title='bbox 1597 1491 1995 1573; x_wconf 83' lang='lat' dir='ltr'>Scaevolam,</span> <span class='ocrx_word' id='word_1_84' title='bbox 2039 1491 2110 1555; x_wconf 93' lang='lat' dir='ltr'>in</span> <span class='ocrx_word' id='word_1_85' title='bbox 2152 1491 2330 1557; x_wconf 88' lang='lat' dir='ltr'>cuius</span> <span class='ocrx_word' id='word_1_86' title='bbox 2366 1510 2436 1557; x_wconf 92' lang='lat' dir='ltr'>se</span> <span class='ocrx_word' id='word_1_87' title='bbox 2463 1492 2758 1558; x_wconf 82' lang='lat' dir='ltr'>notitiam</span> 
     </span>
     <span class='ocr_line' id='line_1_11' title="bbox 406 1591 2760 1677; baseline 0 -19"><span class='ocrx_word' id='word_1_88' title='bbox 406 1594 666 1660; x_wconf 88' lang='lat' dir='ltr'>venisse</span> <span class='ocrx_word' id='word_1_89' title='bbox 738 1592 893 1658; x_wconf 89' lang='lat' dir='ltr'>dicit</span> <span class='ocrx_word' id='word_1_90' title='bbox 964 1599 1251 1677; x_wconf 88' lang='lat' dir='ltr'>tempore</span> <span class='ocrx_word' id='word_1_91' title='bbox 1314 1592 1709 1658; x_wconf 87' lang='lat' dir='ltr'>comitiorum</span> <span class='ocrx_word' id='word_1_92' title='bbox 1771 1591 2332 1658; x_wconf 88' lang='lat' dir='ltr'>Ratisbonensium</span> <span class='ocrx_word' id='word_1_93' title='bbox 2348 1641 2364 1675; x_wconf 85' lang='lat'><em>‚</em></span> <span class='ocrx_word' id='word_1_94' title='bbox 2381 1594 2427 1671; x_wconf 77' lang='lat'>²)</span> <span class='ocrx_word' id='word_1_95' title='bbox 2500 1593 2760 1659; x_wconf 86' lang='lat' dir='ltr'>uberius</span> 
     </span>
     <span class='ocr_line' id='line_1_12' title="bbox 408 1693 2759 1780; baseline 0 -19"><span class='ocrx_word' id='word_1_96' title='bbox 408 1696 722 1780; x_wconf 80' lang='lat' dir='ltr'>exposuit.</span> <span class='ocrx_word' id='word_1_97' title='bbox 807 1694 915 1758; x_wconf 89' lang='lat' dir='ltr'>Ad</span> <span class='ocrx_word' id='word_1_98' title='bbox 957 1695 1411 1779; x_wconf 91' lang='lat' dir='ltr'>sempiternam</span> <span class='ocrx_word' id='word_1_99' title='bbox 1453 1694 1828 1761; x_wconf 82' lang='lat' dir='ltr'>memoriam</span> <span class='ocrx_word' id='word_1_100' title='bbox 1859 1694 2368 1776; x_wconf 89' lang='lat' dir='ltr'>inaugurationis</span> <span class='ocrx_word' id='word_1_101' title='bbox 2393 1693 2464 1759; x_wconf 92' lang='lat' dir='ltr'>in</span> <span class='ocrx_word' id='word_1_102' title='bbox 2493 1696 2759 1761; x_wconf 83' lang='lat' dir='ltr'>cochlea</span> 
     </span>
     <span class='ocr_line' id='line_1_13' title="bbox 407 1794 2757 1879; baseline -0.002 -15"><span class='ocrx_word' id='word_1_103' title='bbox 407 1797 665 1864; x_wconf 91' lang='lat' dir='ltr'>aedium</span> <span class='ocrx_word' id='word_1_104' title='bbox 710 1796 979 1879; x_wconf 84' lang='lat' dir='ltr'>Collegii</span> <span class='ocrx_word' id='word_1_105' title='bbox 1020 1795 1248 1862; x_wconf 83' lang='lat' dir='ltr'>affixus</span> <span class='ocrx_word' id='word_1_106' title='bbox 1291 1802 1389 1862; x_wconf 89' lang='lat' dir='ltr'>est</span> <span class='ocrx_word' id='word_1_107' title='bbox 1430 1796 1651 1861; x_wconf 87' lang='lat' dir='ltr'>titulus</span> <span class='ocrx_word' id='word_1_108' title='bbox 1694 1815 1839 1860; x_wconf 89' lang='lat' dir='ltr'>cum</span> <span class='ocrx_word' id='word_1_109' title='bbox 1879 1794 2240 1879; x_wconf 80' lang='lat' dir='ltr'>insignibus</span> <span class='ocrx_word' id='word_1_110' title='bbox 2284 1794 2516 1861; x_wconf 83' lang='lat' dir='ltr'>ducum</span> <span class='ocrx_word' id='word_1_111' title='bbox 2556 1796 2757 1863; x_wconf 86' lang='lat' dir='ltr'>Saxo-</span> 
     </span>
     <span class='ocr_line' id='line_1_14' title="bbox 406 1897 1533 1981; baseline -0.002 -15"><span class='ocrx_word' id='word_1_112' title='bbox 406 1900 558 1966; x_wconf 87' lang='lat' dir='ltr'>niae</span> <span class='ocrx_word' id='word_1_113' title='bbox 600 1906 665 1965; x_wconf 90' lang='lat' dir='ltr'>et</span> <span class='ocrx_word' id='word_1_114' title='bbox 705 1898 997 1964; x_wconf 84' lang='lat' dir='ltr'>versibus</span> <span class='ocrx_word' id='word_1_115' title='bbox 1040 1897 1347 1981; x_wconf 82' lang='lat' dir='ltr'>Stigelii³)</span> <span class='ocrx_word' id='word_1_116' title='bbox 1393 1898 1533 1964; x_wconf 87' lang='lat' dir='ltr'>his:</span> 
     </span>
    </p>
   </div>
   <div class='ocr_carea' id='block_1_2' title="bbox 708 2049 2418 3064">
    <p class='ocr_par' dir='ltr' id='par_1_2' title="bbox 712 2049 2182 2214">
     <span class='ocr_line' id='line_1_15' title="bbox 712 2049 2182 2127; baseline -0.001 -15"><span class='ocrx_word' id='word_1_117' title='bbox 712 2051 906 2126; x_wconf 80' lang='lat' dir='ltr'>Quum</span> <span class='ocrx_word' id='word_1_118' title='bbox 948 2052 1230 2112; x_wconf 85' lang='lat' dir='ltr'>distracta</span> <span class='ocrx_word' id='word_1_119' title='bbox 1272 2070 1377 2112; x_wconf 89' lang='lat' dir='ltr'>suo</span> <span class='ocrx_word' id='word_1_120' title='bbox 1423 2052 1715 2127; x_wconf 87' lang='lat' dir='ltr'>bellisque</span> <span class='ocrx_word' id='word_1_121' title='bbox 1761 2050 2016 2111; x_wconf 89' lang='lat' dir='ltr'>obnoxia</span> <span class='ocrx_word' id='word_1_122' title='bbox 2059 2049 2182 2110; x_wconf 85' lang='lat' dir='ltr'>fato</span> 
     </span>
     <span class='ocr_line' id='line_1_16' title="bbox 793 2137 2148 2214; baseline -0.003 -17"><span class='ocrx_word' id='word_1_123' title='bbox 793 2137 1130 2197; x_wconf 89' lang='lat' dir='ltr'>Abductum</span> <span class='ocrx_word' id='word_1_124' title='bbox 1170 2140 1434 2214; x_wconf 85' lang='lat' dir='ltr'>gemeret</span> <span class='ocrx_word' id='word_1_125' title='bbox 1476 2137 1726 2196; x_wconf 85' lang='lat' dir='ltr'>Saxonis</span> <span class='ocrx_word' id='word_1_126' title='bbox 1769 2154 1876 2195; x_wconf 87' lang='lat' dir='ltr'>ora</span> <span class='ocrx_word' id='word_1_127' title='bbox 1918 2137 2148 2194; x_wconf 82' lang='lat' dir='ltr'>Ducem</span> 
     </span>
    </p>

    <p class='ocr_par' dir='ltr' id='par_1_3' title="bbox 711 2218 2418 2384">
     <span class='ocr_line' id='line_1_17' title="bbox 711 2218 2418 2302; baseline -0.002 -19"><span class='ocrx_word' id='word_1_128' title='bbox 711 2222 1081 2299; x_wconf 88' lang='lat' dir='ltr'>Templaque</span> <span class='ocrx_word' id='word_1_129' title='bbox 1126 2223 1422 2302; x_wconf 75' lang='lat' dir='ltr'>lugerent,</span> <span class='ocrx_word' id='word_1_130' title='bbox 1466 2221 1880 2298; x_wconf 87' lang='lat' dir='ltr'>plantariaque</span> <span class='ocrx_word' id='word_1_131' title='bbox 1925 2219 2124 2280; x_wconf 85' lang='lat' dir='ltr'>addita</span> <span class='ocrx_word' id='word_1_132' title='bbox 2165 2218 2418 2300; x_wconf 86' lang='lat' dir='ltr'>templis,</span> 
     </span>
     <span class='ocr_line' id='line_1_18' title="bbox 794 2304 2248 2384; baseline -0.003 -17"><span class='ocrx_word' id='word_1_133' title='bbox 794 2307 1057 2384; x_wconf 89' lang='lat' dir='ltr'>Ingeniis</span> <span class='ocrx_word' id='word_1_134' title='bbox 1099 2307 1343 2366; x_wconf 85' lang='lat' dir='ltr'>tradunt</span> <span class='ocrx_word' id='word_1_135' title='bbox 1387 2325 1540 2384; x_wconf 89' lang='lat' dir='ltr'>quae</span> <span class='ocrx_word' id='word_1_136' title='bbox 1583 2307 1741 2366; x_wconf 90' lang='lat' dir='ltr'>bona</span> <span class='ocrx_word' id='word_1_137' title='bbox 1782 2324 1930 2365; x_wconf 86' lang='lat' dir='ltr'>vera</span> <span class='ocrx_word' id='word_1_138' title='bbox 1973 2304 2248 2364; x_wconf 85' lang='lat' dir='ltr'>scholae:</span> 
     </span>
    </p>

    <p class='ocr_par' dir='ltr' id='par_1_4' title="bbox 709 2390 2298 2553">
     <span class='ocr_line' id='line_1_19' title="bbox 709 2390 2298 2470; baseline -0.001 -19"><span class='ocrx_word' id='word_1_139' title='bbox 709 2393 840 2470; x_wconf 89' lang='lat' dir='ltr'>Ille,</span> <span class='ocrx_word' id='word_1_140' title='bbox 887 2392 1094 2452; x_wconf 86' lang='lat' dir='ltr'>favens</span> <span class='ocrx_word' id='word_1_141' title='bbox 1137 2392 1343 2452; x_wconf 85' lang='lat' dir='ltr'>studiis</span> <span class='ocrx_word' id='word_1_142' title='bbox 1388 2396 1446 2452; x_wconf 88' lang='lat' dir='ltr'>et</span> <span class='ocrx_word' id='word_1_143' title='bbox 1486 2390 1751 2451; x_wconf 89' lang='lat' dir='ltr'>honestis</span> <span class='ocrx_word' id='word_1_144' title='bbox 1794 2391 2039 2469; x_wconf 85' lang='lat' dir='ltr'>artibus,</span> <span class='ocrx_word' id='word_1_145' title='bbox 2084 2390 2298 2450; x_wconf 85' lang='lat' dir='ltr'>absens</span> 
     </span>
     <span class='ocr_line' id='line_1_20' title="bbox 793 2475 1997 2553; baseline -0.002 -17"><span class='ocrx_word' id='word_1_146' title='bbox 793 2477 907 2536; x_wconf 88' lang='lat' dir='ltr'>Hic</span> <span class='ocrx_word' id='word_1_147' title='bbox 949 2477 1113 2536; x_wconf 87' lang='lat' dir='ltr'>dedit</span> <span class='ocrx_word' id='word_1_148' title='bbox 1153 2478 1359 2537; x_wconf 89' lang='lat' dir='ltr'>Aoniis</span> <span class='ocrx_word' id='word_1_149' title='bbox 1403 2477 1524 2537; x_wconf 90' lang='lat' dir='ltr'>otia</span> <span class='ocrx_word' id='word_1_150' title='bbox 1563 2479 1737 2553; x_wconf 85' lang='lat' dir='ltr'>grata</span> <span class='ocrx_word' id='word_1_151' title='bbox 1782 2475 1997 2535; x_wconf 89' lang='lat' dir='ltr'>choris.</span> 
     </span>
    </p>

    <p class='ocr_par' dir='ltr' id='par_1_5' title="bbox 711 2558 2348 2724">
     <span class='ocr_line' id='line_1_21' title="bbox 711 2558 2348 2641; baseline -0.001 -18"><span class='ocrx_word' id='word_1_152' title='bbox 711 2559 1014 2623; x_wconf 89' lang='lat' dir='ltr'>Ornarunt</span> <span class='ocrx_word' id='word_1_153' title='bbox 1055 2563 1235 2623; x_wconf 89' lang='lat' dir='ltr'>decus</span> <span class='ocrx_word' id='word_1_154' title='bbox 1279 2562 1410 2641; x_wconf 88' lang='lat' dir='ltr'>hoc,</span> <span class='ocrx_word' id='word_1_155' title='bbox 1454 2562 1686 2623; x_wconf 88' lang='lat' dir='ltr'>soboles</span> <span class='ocrx_word' id='word_1_156' title='bbox 1730 2578 2024 2638; x_wconf 90' lang='lat' dir='ltr'>generosa</span> <span class='ocrx_word' id='word_1_157' title='bbox 2064 2558 2348 2639; x_wconf 88' lang='lat' dir='ltr'>parentis,</span> 
     </span>
     <span class='ocr_line' id='line_1_22' title="bbox 796 2647 2060 2724; baseline -0.002 -17"><span class='ocrx_word' id='word_1_158' title='bbox 796 2649 948 2707; x_wconf 88' lang='lat' dir='ltr'>Tres</span> <span class='ocrx_word' id='word_1_159' title='bbox 991 2647 1208 2708; x_wconf 86' lang='lat' dir='ltr'>fratres</span> <span class='ocrx_word' id='word_1_160' title='bbox 1251 2648 1456 2708; x_wconf 89' lang='lat' dir='ltr'>animis</span> <span class='ocrx_word' id='word_1_161' title='bbox 1501 2652 1559 2707; x_wconf 89' lang='lat' dir='ltr'>et</span> <span class='ocrx_word' id='word_1_162' title='bbox 1600 2648 1821 2724; x_wconf 85' lang='lat' dir='ltr'>pietate</span> <span class='ocrx_word' id='word_1_163' title='bbox 1864 2664 2060 2723; x_wconf 90' lang='lat' dir='ltr'>pares.</span> 
     </span>
    </p>

    <p class='ocr_par' dir='ltr' id='par_1_6' title="bbox 711 2729 2211 2897">
     <span class='ocr_line' id='line_1_23' title="bbox 711 2729 2211 2794; baseline -0.004 0"><span class='ocrx_word' id='word_1_164' title='bbox 711 2732 940 2794; x_wconf 84' lang='lat' dir='ltr'>Christe</span> <span class='ocrx_word' id='word_1_165' title='bbox 981 2733 1067 2792; x_wconf 90' lang='lat' dir='ltr'>tui</span> <span class='ocrx_word' id='word_1_166' title='bbox 1112 2737 1312 2793; x_wconf 87' lang='lat' dir='ltr'>coetus</span> <span class='ocrx_word' id='word_1_167' title='bbox 1358 2736 1554 2793; x_wconf 90' lang='lat' dir='ltr'>custos</span> <span class='ocrx_word' id='word_1_168' title='bbox 1599 2737 1658 2792; x_wconf 90' lang='lat' dir='ltr'>et</span> <span class='ocrx_word' id='word_1_169' title='bbox 1700 2732 1949 2791; x_wconf 82' lang='lat' dir='ltr'>maxime</span> <span class='ocrx_word' id='word_1_170' title='bbox 1992 2729 2211 2790; x_wconf 88' lang='lat' dir='ltr'>vindex</span> 
     </span>
     <span class='ocr_line' id='line_1_24' title="bbox 793 2816 2118 2897; baseline -0.001 -21"><span class='ocrx_word' id='word_1_171' title='bbox 793 2819 891 2877; x_wconf 90' lang='lat' dir='ltr'>Da</span> <span class='ocrx_word' id='word_1_172' title='bbox 931 2837 1138 2896; x_wconf 91' lang='lat' dir='ltr'>pacem</span> <span class='ocrx_word' id='word_1_173' title='bbox 1182 2818 1407 2897; x_wconf 85' lang='lat' dir='ltr'>studiis,</span> <span class='ocrx_word' id='word_1_174' title='bbox 1451 2822 1517 2878; x_wconf 89' lang='lat' dir='ltr'>ut</span> <span class='ocrx_word' id='word_1_175' title='bbox 1558 2818 1885 2896; x_wconf 82' lang='lat' dir='ltr'>celebrere,</span> <span class='ocrx_word' id='word_1_176' title='bbox 1929 2816 2118 2876; x_wconf 89' lang='lat' dir='ltr'>bonis.</span> 
     </span>
    </p>

    <p class='ocr_par' dir='ltr' id='par_1_7' title="bbox 708 2900 2369 3064">
     <span class='ocr_line' id='line_1_25' title="bbox 708 2900 2369 2980; baseline -0.002 -17"><span class='ocrx_word' id='word_1_177' title='bbox 708 2903 954 2963; x_wconf 91' lang='lat' dir='ltr'>Illorum</span> <span class='ocrx_word' id='word_1_178' title='bbox 994 2902 1144 2962; x_wconf 88' lang='lat' dir='ltr'>haec</span> <span class='ocrx_word' id='word_1_179' title='bbox 1187 2921 1439 2980; x_wconf 88' lang='lat' dir='ltr'>surgens</span> <span class='ocrx_word' id='word_1_180' title='bbox 1481 2903 1739 2979; x_wconf 89' lang='lat' dir='ltr'>insignia</span> <span class='ocrx_word' id='word_1_181' title='bbox 1782 2900 2028 2962; x_wconf 79' lang='lat' dir='ltr'>cochlea</span> <span class='ocrx_word' id='word_1_182' title='bbox 2068 2902 2369 2979; x_wconf 84' lang='lat' dir='ltr'>monstrat,</span> 
     </span>
     <span class='ocr_line' id='line_1_26' title="bbox 791 2986 2240 3064; baseline -0.002 -17"><span class='ocrx_word' id='word_1_183' title='bbox 791 2986 1216 3064; x_wconf 88' lang='lat' dir='ltr'>Munificosque</span> <span class='ocrx_word' id='word_1_184' title='bbox 1260 2990 1433 3049; x_wconf 85' lang='lat' dir='ltr'>docet</span> <span class='ocrx_word' id='word_1_185' title='bbox 1475 2988 1803 3064; x_wconf 91' lang='lat' dir='ltr'>sumptibus</span> <span class='ocrx_word' id='word_1_186' title='bbox 1847 3004 1976 3047; x_wconf 91' lang='lat' dir='ltr'>esse</span> <span class='ocrx_word' id='word_1_187' title='bbox 2020 2987 2240 3045; x_wconf 90' lang='lat' dir='ltr'>Duces.</span> 
     </span>
    </p>
   </div>
   <div class='ocr_carea' id='block_1_3' title="bbox 1064 3229 2081 3367">
    <p class='ocr_par' dir='ltr' id='par_1_8' title="bbox 1064 3229 2081 3367">
     <span class='ocr_line' id='line_1_27' title="bbox 1064 3229 2081 3367; baseline -0.006 -17"><span class='ocrx_word' id='word_1_188' title='bbox 1064 3229 1223 3350; x_wconf 64' lang='lat' dir='ltr'>VII.</span> <span class='ocrx_word' id='word_1_189' title='bbox 1326 3274 1431 3348; x_wconf 93' lang='lat' dir='ltr'>Io.</span> <span class='ocrx_word' id='word_1_190' title='bbox 1487 3272 1774 3367; x_wconf 85' lang='lat' dir='ltr'>Stigelii</span> <span class='ocrx_word' id='word_1_191' title='bbox 1824 3273 2081 3346; x_wconf 90' lang='lat' dir='ltr'>obitus.</span> 
     </span>
    </p>
   </div>
   <div class='ocr_carea' id='block_1_4' title="bbox 397 3438 2749 4137">
    <p class='ocr_par' dir='ltr' id='par_1_9' title="bbox 397 3438 2749 4137">
     <span class='ocr_line' id='line_1_28' title="bbox 570 3438 2749 3526; baseline -0 -18"><span class='ocrx_word' id='word_1_192' title='bbox 570 3442 1050 3526; x_wconf 89' lang='lat' dir='ltr'>Inaugurationi</span> <span class='ocrx_word' id='word_1_193' title='bbox 1108 3449 1173 3508; x_wconf 93' lang='lat' dir='ltr'>et</span> <span class='ocrx_word' id='word_1_194' title='bbox 1226 3441 1428 3508; x_wconf 90' lang='lat' dir='ltr'>turbis</span> <span class='ocrx_word' id='word_1_195' title='bbox 1481 3441 1808 3508; x_wconf 85' lang='lat' dir='ltr'>Flacianis</span> <span class='ocrx_word' id='word_1_196' title='bbox 1863 3461 1996 3505; x_wconf 94' lang='lat' dir='ltr'>non</span> <span class='ocrx_word' id='word_1_197' title='bbox 2062 3438 2171 3502; x_wconf 90' lang='lat' dir='ltr'>diu</span> <span class='ocrx_word' id='word_1_198' title='bbox 2239 3445 2562 3521; x_wconf 91' lang='lat' dir='ltr'>superstes</span> <span class='ocrx_word' id='word_1_199' title='bbox 2629 3440 2749 3507; x_wconf 83' lang='lat' dir='ltr'>fuit</span> 
     </span>
     <span class='ocr_line' id='line_1_29' title="bbox 402 3543 2748 3628; baseline -0.001 -17"><span class='ocrx_word' id='word_1_200' title='bbox 402 3545 725 3628; x_wconf 85' lang='lat' dir='ltr'>Stigelius.</span> <span class='ocrx_word' id='word_1_201' title='bbox 812 3545 1024 3610; x_wconf 91' lang='lat' dir='ltr'>Vnum</span> <span class='ocrx_word' id='word_1_202' title='bbox 1085 3565 1166 3610; x_wconf 92' lang='lat' dir='ltr'>ex</span> <span class='ocrx_word' id='word_1_203' title='bbox 1221 3544 1444 3609; x_wconf 88' lang='lat' dir='ltr'>ultimo</span> <span class='ocrx_word' id='word_1_204' title='bbox 1501 3545 1636 3609; x_wconf 89' lang='lat' dir='ltr'>eius</span> <span class='ocrx_word' id='word_1_205' title='bbox 1690 3548 1979 3627; x_wconf 89' lang='lat' dir='ltr'>tempore</span> <span class='ocrx_word' id='word_1_206' title='bbox 2031 3560 2526 3608; x_wconf 88' lang='lat' dir='ltr'>commemorare</span> <span class='ocrx_word' id='word_1_207' title='bbox 2588 3543 2748 3609; x_wconf 90' lang='lat' dir='ltr'>mihi</span> 
     </span>
     <span class='ocr_line' id='line_1_30' title="bbox 397 3642 2747 3729; baseline -0.001 -17"><span class='ocrx_word' id='word_1_208' title='bbox 397 3649 609 3714; x_wconf 88' lang='lat' dir='ltr'>liceat.</span> <span class='ocrx_word' id='word_1_209' title='bbox 694 3647 896 3714; x_wconf 89' lang='lat' dir='ltr'>Ienae</span> <span class='ocrx_word' id='word_1_210' title='bbox 938 3645 1213 3712; x_wconf 89' lang='lat' dir='ltr'>docebat</span> <span class='ocrx_word' id='word_1_211' title='bbox 1254 3647 1502 3729; x_wconf 90' lang='lat' dir='ltr'>Anglus</span> <span class='ocrx_word' id='word_1_212' title='bbox 1546 3645 1808 3728; x_wconf 89' lang='lat' dir='ltr'>quidam</span> <span class='ocrx_word' id='word_1_213' title='bbox 1852 3644 2174 3709; x_wconf 90' lang='lat' dir='ltr'>Iohannes</span> <span class='ocrx_word' id='word_1_214' title='bbox 2217 3642 2552 3709; x_wconf 88' lang='lat' dir='ltr'>Aelmerus</span> <span class='ocrx_word' id='word_1_215' title='bbox 2566 3691 2583 3725; x_wconf 88' lang='lat'><em>‚</em></span> <span class='ocrx_word' id='word_1_216' title='bbox 2638 3644 2747 3727; x_wconf 89' lang='lat' dir='ltr'>qui</span> 
     </span>
     <span class='ocr_line' id='line_1_31' title="bbox 399 3744 2748 3833; baseline -0.001 -18"><span class='ocrx_word' id='word_1_217' title='bbox 399 3769 516 3833; x_wconf 89' lang='lat' dir='ltr'>per</span> <span class='ocrx_word' id='word_1_218' title='bbox 554 3748 911 3815; x_wconf 88' lang='lat' dir='ltr'>Iohannem</span> <span class='ocrx_word' id='word_1_219' title='bbox 939 3748 1367 3830; x_wconf 80' lang='lat' dir='ltr'>Aurifabrum‚</span> <span class='ocrx_word' id='word_1_220' title='bbox 1415 3747 1913 3814; x_wconf 88' lang='lat' dir='ltr'>ecclesiasticum</span> <span class='ocrx_word' id='word_1_221' title='bbox 1942 3744 2424 3827; x_wconf 89' lang='lat' dir='ltr'>Vimariensem‚</span> <span class='ocrx_word' id='word_1_222' title='bbox 2470 3745 2748 3813; x_wconf 86' lang='lat' dir='ltr'>Iohanni</span> 
     </span>
     <span class='ocr_line' id='line_1_32' title="bbox 399 3845 2744 3932; baseline -0.002 -15"><span class='ocrx_word' id='word_1_223' title='bbox 399 3850 724 3917; x_wconf 87' lang='lat' dir='ltr'>Friderico</span> <span class='ocrx_word' id='word_1_224' title='bbox 767 3851 854 3915; x_wconf 90' lang='lat' dir='ltr'>II.</span> <span class='ocrx_word' id='word_1_225' title='bbox 896 3849 1364 3932; x_wconf 83' lang='lat' dir='ltr'>insinuaverat,</span> <span class='ocrx_word' id='word_1_226' title='bbox 1440 3849 1777 3915; x_wconf 86' lang='lat' dir='ltr'>Saxonicis</span> <span class='ocrx_word' id='word_1_227' title='bbox 1819 3847 2180 3914; x_wconf 87' lang='lat' dir='ltr'>Ernestinis</span> <span class='ocrx_word' id='word_1_228' title='bbox 2233 3845 2484 3929; x_wconf 90' lang='lat' dir='ltr'>ipsique</span> <span class='ocrx_word' id='word_1_229' title='bbox 2525 3848 2744 3913; x_wconf 82' lang='lat' dir='ltr'>Refor-</span> 
     </span>
     <span class='ocr_line' id='line_1_33' title="bbox 399 3948 2740 4036; baseline -0.001 -17"><span class='ocrx_word' id='word_1_230' title='bbox 399 3953 667 4019; x_wconf 90' lang='lat' dir='ltr'>mationi</span> <span class='ocrx_word' id='word_1_231' title='bbox 751 3954 1017 4017; x_wconf 85' lang='lat' dir='ltr'>multum</span> <span class='ocrx_word' id='word_1_232' title='bbox 1088 3951 1482 4036; x_wconf 85' lang='lat' dir='ltr'>profuturum</span> <span class='ocrx_word' id='word_1_233' title='bbox 1555 3971 1727 4033; x_wconf 88' lang='lat' dir='ltr'>esse,</span> <span class='ocrx_word' id='word_1_234' title='bbox 1818 3952 1873 4016; x_wconf 93' lang='lat' dir='ltr'>si</span> <span class='ocrx_word' id='word_1_235' title='bbox 1942 3948 2270 4015; x_wconf 88' lang='lat' dir='ltr'>Iohannes</span> <span class='ocrx_word' id='word_1_236' title='bbox 2342 3949 2740 4032; x_wconf 80' lang='lat' dir='ltr'>Guilielmus,</span> 
     </span>
     <span class='ocr_line' id='line_1_34' title="bbox 397 4050 2740 4137; baseline -0.002 -18"><span class='ocrx_word' id='word_1_237' title='bbox 397 4054 707 4119; x_wconf 90' lang='lat' dir='ltr'>Iohannis</span> <span class='ocrx_word' id='word_1_238' title='bbox 750 4053 1057 4119; x_wconf 87' lang='lat' dir='ltr'>Friderici</span> <span class='ocrx_word' id='word_1_239' title='bbox 1097 4054 1310 4137; x_wconf 89' lang='lat' dir='ltr'>frater,</span> <span class='ocrx_word' id='word_1_240' title='bbox 1354 4052 1424 4118; x_wconf 90' lang='lat' dir='ltr'>in</span> <span class='ocrx_word' id='word_1_241' title='bbox 1466 4052 1936 4118; x_wconf 78' lang='lat' dir='ltr'>matrimonium</span> <span class='ocrx_word' id='word_1_242' title='bbox 1979 4050 2239 4117; x_wconf 77' lang='lat' dir='ltr'>duceret</span> <span class='ocrx_word' id='word_1_243' title='bbox 2279 4050 2740 4134; x_wconf 83' lang='lat' dir='ltr'>Elisabetham‚</span> 
     </span>
    </p>
   </div>
   <div class='ocr_carea' id='block_1_5' title="bbox 399 4286 2740 4437">
    <p class='ocr_par' dir='ltr' id='par_1_10' title="bbox 399 4286 2740 4437">
     <span class='ocr_line' id='line_1_35' title="bbox 534 4286 2740 4356; baseline 0 -16"><span class='ocrx_word' id='word_1_244' title='bbox 534 4291 572 4356; x_wconf 93' lang='lat'>¹)</span> <span class='ocrx_word' id='word_1_245' title='bbox 606 4290 665 4343; x_wconf 89' lang='grc' dir='ltr'>Τ.</span> <span class='ocrx_word' id='word_1_246' title='bbox 700 4292 775 4342; x_wconf 88' lang='grc' dir='ltr'>Π.</span> <span class='ocrx_word' id='word_1_247' title='bbox 809 4291 846 4342; x_wconf 83' lang='lat' dir='ltr'>f.</span> <span class='ocrx_word' id='word_1_248' title='bbox 883 4294 999 4344; x_wconf 84' lang='lat'>213.</span> <span class='ocrx_word' id='word_1_249' title='bbox 1138 4290 1175 4352; x_wconf 83' lang='lat'>²)</span> <span class='ocrx_word' id='word_1_250' title='bbox 1212 4290 1426 4341; x_wconf 85' lang='lat' dir='ltr'>Adiecta</span> <span class='ocrx_word' id='word_1_251' title='bbox 1457 4288 1736 4355; x_wconf 84' lang='lat' dir='ltr'>descriptio</span> <span class='ocrx_word' id='word_1_252' title='bbox 1768 4293 1844 4339; x_wconf 83' lang='lat' dir='ltr'>est</span> <span class='ocrx_word' id='word_1_253' title='bbox 1860 4286 2025 4342; x_wconf 86' lang='lat' dir='ltr'>Nicol.</span> <span class='ocrx_word' id='word_1_254' title='bbox 2045 4288 2292 4339; x_wconf 82' lang='lat' dir='ltr'>Reusneri</span> <span class='ocrx_word' id='word_1_255' title='bbox 2322 4288 2567 4354; x_wconf 71' lang='lat' dir='ltr'>panegyr-i</span> <span class='ocrx_word' id='word_1_256' title='bbox 2596 4293 2740 4340; x_wconf 79' lang='lat' dir='ltr'>actus</span> 
     </span>
     <span class='ocr_line' id='line_1_36' title="bbox 399 4372 2250 4437; baseline -0.002 -11"><span class='ocrx_word' id='word_1_257' title='bbox 399 4374 626 4428; x_wconf 69' lang='lat' dir='ltr'>doctor-ei</span> <span class='ocrx_word' id='word_1_258' title='bbox 660 4375 790 4426; x_wconf 86' lang='lat' dir='ltr'>iuris</span> <span class='ocrx_word' id='word_1_259' title='bbox 825 4376 1185 4427; x_wconf 84' lang='lat' dir='ltr'>consultorum.</span> <span class='ocrx_word' id='word_1_260' title='bbox 1257 4376 1409 4426; x_wconf 86' lang='lat' dir='ltr'>lenae</span> <span class='ocrx_word' id='word_1_261' title='bbox 1449 4376 1594 4428; x_wconf 81' lang='lat'>1590.</span> <span class='ocrx_word' id='word_1_262' title='bbox 1631 4376 1679 4427; x_wconf 84' lang='lat'>4.</span> <span class='ocrx_word' id='word_1_263' title='bbox 1817 4372 1853 4437; x_wconf 74' lang='grc'>3)</span> <span class='ocrx_word' id='word_1_264' title='bbox 1889 4373 1947 4425; x_wconf 85' lang='grc' dir='ltr'>Τ.</span> <span class='ocrx_word' id='word_1_265' title='bbox 1982 4373 2026 4423; x_wconf 92' lang='grc' dir='ltr'>Ι.</span> <span class='ocrx_word' id='word_1_266' title='bbox 2061 4372 2096 4425; x_wconf 83' lang='lat' dir='ltr'>f.</span> <span class='ocrx_word' id='word_1_267' title='bbox 2133 4374 2250 4425; x_wconf 80' lang='lat'>396.</span> 
     </span>
    </p>
   </div>
  </div>
 </body>
</html>
