3499 5219
402 587 498 655 ita
537 587 699 655 favit
724 587 995 671 Stigelio
1025 588 1299 671 Elector,
1345 590 1447 654 cui
1489 610 1621 655 non
1662 590 1951 672 ignotum
1993 597 2132 656 erat
2165 591 2494 675 ingenium
2524 601 2755 677 poetae

408 692 510 769 (T.
556 691 608 757 I.
652 690 696 756 f.
744 694 899 774 3923
971 691 1115 774 ipse
1170 692 1342 757 enim
1384 693 1643 758 Elector
1696 693 1766 757 in
1822 694 2094 776 epistola
2153 693 2239 758 ad
2296 694 2484 761 Vniv.
2542 697 2753 763 Viteb.

405 795 501 860 sic
542 793 739 859 dixit:
812 793 1023 875 „Weil
1068 814 1189 860 uns
1233 794 1407 863 denn
1449 794 1805 861 vermeldet
1846 795 1981 863 und
2023 797 2388 880 angezeigt,
2449 797 2601 865 dass
2648 819 2755 882 ge-

406 903 684 962 nannter
738 895 942 977 Stigel
997 897 1097 961 als
1153 896 1261 962 ein
1315 903 1468 980 poet
1523 897 1701 963 eines
1766 896 2217 964 sonderlichen
2285 899 2754 969 vortrefflichen

404 997 650 1080 ingenii
692 996 827 1062 und
868 997 1247 1064 verstandes
1289 1018 1423 1082 sey,
1469 1019 1541 1064 so
1579 1035 1667 1045 —-
1708 1021 1769 1065 u.
1815 1020 1865 1065 s.
1911 1001 2017 1075 w.)
2032 1048 2048 1081 ,
2122 1007 2193 1066 ut
2242 1001 2303 1066 ei
2358 1002 2755 1085 provinciam

407 1121 600 1185 quam
643 1099 1019 1182 expetisset,
1090 1099 1468 1165 demandari
1506 1101 1782 1182 iuberet,
1848 1099 2040 1166 modo
2085 1101 2305 1169 doctor
2347 1109 2412 1168 et
2451 1105 2757 1187 magister

407 1201 857 1286 philosophiae
898 1206 1092 1267 antea
1134 1208 1385 1267 creatus
1433 1209 1620 1269 esset.
1706 1203 1950 1268 Habuit
2000 1203 2070 1269 in
2126 1205 2249 1270 hac
2302 1224 2373 1270 re
2429 1207 2755 1289 egregium

406 1310 746 1388 patronum
788 1303 1350 1369 Melanchthonem
1403 1305 1512 1386 qui
1554 1305 1822 1387 Stigelio
1876 1306 2203 1387 reparavit
2253 1305 2537 1374 favorem
2590 1308 2754 1377 Pon-

406 1406 611 1488 tani,¹)
656 1412 888 1490 poetae
915 1426 1047 1470 non
1075 1406 1352 1489 amplius
1394 1408 1826 1474 succensentis
1868 1413 2206 1490 postquam
2249 1427 2507 1477 carmen
2548 1411 2632 1475 ab
2677 1430 2753 1477 eo

406 1513 743 1591 acceperat
756 1508 801 1584 Ξ)
846 1508 970 1572 sibi
1010 1508 1404 1591 inscriptum.

577 1610 768 1675 Anno
821 1609 1014 1693 igitur
1054 1609 1374 1674 MDXLII
1431 1629 1623 1692 quum
1678 1609 2058 1677 adolescens
2116 1609 2344 1727 viginti
2401 1617 2466 1677 et
2507 1620 2753 1695 septem

408 1732 722 1779 annorum
792 1712 861 1775 in
917 1711 1271 1776 Academia
1335 1711 1782 1795 Vitebergensi
1852 1732 2131 1778 summos
2201 1712 2271 1778 in
2343 1712 2755 1797 philosophia

408 1817 685 1881 honores
726 1814 1010 1897 petisset,
1054 1814 1221 1879 inter
1262 1814 1426 1878 alios
1472 1813 1691 1880 decem
1733 1813 2054 1880 studiosos
2095 1815 2335 1899 primas
2377 1815 2600 1881 tulisse
2633 1815 2754 1881 Sti·

406 1916 647 2000 gelium
689 1936 820 1981 non
861 1915 1089 1979 mirum
1133 1922 1248 1980 est.
1314 1916 1540 1981 Paullo
1583 1922 1729 1998 post
1771 1916 1841 1981 in
1884 1915 2114 1983 eadem
2156 1916 2572 1982 universitate
2612 1938 2752 2000 pro·

406 2019 611 2085 sessor
679 2023 930 2083 creatus
998 2022 1097 2083 est
1166 2017 1409 2082 latinae
1478 2019 1740 2100 linguae
1811 2037 2216 2101 annuumque
2280 2019 2581 2087 salarium
2647 2018 2751 2084 GL

408 2140 742 2186 aureorum
787 2117 1093 2198 (Gillden)
1138 2119 1386 2202 accepit
1398 2119 1444 2194 Ξ)
1501 2139 1583 2184 ex
1639 2117 1790 2184 fisco
1832 2119 2253 2202 Academiae,
2329 2120 2557 2202 quibus
2613 2120 2753 2203 ipse

410 2223 667 2289 Elector
709 2221 1170 2303 quinquaginta
1212 2221 1553 2302 quotannis
1608 2220 1881 2285 addidit.
1968 2222 2184 2287 Rebus
2242 2219 2606 2288 domesticis
2661 2222 2753 2286 sic

409 2323 673 2389 firmatis
756 2321 977 2405 paullo
1060 2328 1208 2405 post
1283 2323 1506 2388 habita
1577 2322 1807 2406 Spirae
1878 2323 2148 2388 concilia
2221 2323 2604 2389 Germanica
2673 2323 2751 2388 A.

409 2425 796 2493 MDXLIIII
824 2442 1044 2488 mense
1071 2423 1241 2489 Maio
1270 2424 1339 2488 in
1380 2424 1853 2490 matrimonium
1898 2423 2080 2489 duxit
2118 2424 2492 2506 Barbaram,
2535 2424 2753 2491 Kuen-

408 2528 589 2594 holdi
632 2525 1051 2591 Vimariensis
1106 2526 1460 2609 quaestoris
1504 2526 1977 2606 (Rentmeister)
2034 2525 2229 2592 filiam
2284 2532 2506 2591 natam
2561 2527 2754 2592 XVII

410 2650 642 2711 annos,
657 2631 703 2706 Ξ)
775 2629 954 2694 cuius
1008 2649 1201 2710 quum
1257 2648 1474 2694 amore
1529 2635 1753 2712 captus
1811 2636 1979 2695 esset
2032 2630 2305 2712 elegiam
2361 2630 2614 2713 scripsit
2673 2628 2753 2696 de

411 2734 702 2799 Barbara
744 2732 1001 2812 Roseta,
1049 2730 1226 2796 cuius
1268 2730 1520 2795 initium
1564 2737 1691 2797 est:

885 2852 1189 2911 Hactenus
1231 2851 1411 2927 effugi
1455 2869 1687 2912 morosa
1731 2851 2037 2928 Cupidinis
2079 2870 2258 2910 arma.

410 2970 696 3035 Vimaria
739 2974 956 3051 (quam
999 2964 1400 3049 Oenagoram
1446 2967 1628 3044 dixit)
1686 2969 1814 3031 iam
1871 2974 2065 3033 antea
2129 2968 2384 3050 egregie
2425 2970 2756 3052 placuerat

413 3071 679 3153 Stigelio
724 3076 985 3153 propter
1026 3068 1526 3134 familiaritatem
1571 3089 1738 3151 quae
1781 3070 1840 3134 ei
1884 3090 2024 3133 cuni
2054 3069 2395 3134 Francisco
2427 3071 2751 3137 Burcardo

408 3171 862 3238 intercedebat.
952 3170 1222 3253 Saepius
1294 3169 1468 3253 apud
1541 3171 1710 3235 hunc
1782 3171 1900 3235 fuit
1967 3171 2036 3234 in
2106 3191 2273 3254 pago
2346 3172 2453 3254 qui
2527 3172 2755 3238 dicitur

409 3274 696 3339 Vimaria
739 3273 1069 3355 Superior,
1130 3272 1241 3337 ubi
1284 3270 1618 3356 praedium
1661 3270 2033 3355 possidebat
2075 3272 2541 3357 Franciscus;⁶)
2615 3294 2752 3340 sae-

409 3377 553 3460 pius
599 3376 789 3441 etiam
833 3375 938 3439 vel
981 3374 1050 3439 in
1093 3394 1352 3440 nemore
1396 3374 1779 3440 Vimariensi
1822 3374 2118 3439 Webicht
2162 3373 2393 3453 (Acten
2440 3373 2601 3440 dixit
2630 3375 2750 3442 Sti-

409 3479 616 3560 gelus)
677 3483 741 3542 et
795 3475 1020 3541 Tiburi
1075 3475 1190 3556 (sic
1245 3475 1598 3541 Tiefurtum
1656 3476 1840 3553 dixit)
1905 3475 2187 3540 carmina
2241 3477 2748 3560 composuerat,⁶)

411 3578 668 3663 saepius
739 3578 957 3643 hortos
1021 3577 1388 3660 principum
1461 3579 1916 3643 celebraverat.
1930 3577 1974 3653 ⁷)
2076 3578 2335 3641 Miserat
2404 3577 2596 3660 igitur
2664 3578 2751 3643 ad

409 3688 655 3766 patrem
699 3679 1042 3761 Barbarae,
1087 3686 1156 3743 ut
1197 3680 1367 3744 hunc
1410 3679 1532 3745 sibi
1574 3681 1915 3763 propitium
1959 3678 2318 3759 redderent,
2373 3679 2445 3743 B.
2491 3680 2753 3746 Menne-

409 3803 568 3863 rum,
614 3786 1092 3865 praeceptorem
1134 3801 1317 3845 suum
1361 3787 1424 3846 et
1467 3782 1547 3845 N.
1593 3781 2035 3861 Kaestnerum,
2087 3780 2394 3845 musicum
2436 3782 2573 3847 Ioh.
2618 3784 2750 3847 Fri-

386 3883 610 3950 ·derici
682 3882 1012 3948 Electoris.
1029 3883 1073 3959 ⁸)
1161 3882 1506 3965 Postquam
1576 3883 1908 3947 annuisset
1980 3881 2427 3948 Kuenholdius
2498 3883 2751 3949 invitati

547 4121 582 4185 ¹)
620 4118 768 4185 Corp.
806 4117 915 4169 Res.
952 4118 1043 4172 IV.
1078 4135 1128 4183 p.
1162 4121 1277 4171 751.
1417 4117 1454 4183 ²)
1491 4119 1548 4168 T.
1584 4119 1625 4167 Ι.
1662 4118 1697 4167 f.
1733 4119 1852 4170 435.
1903 4116 1976 4167 Cf.
2010 4118 2065 4167 T.
2097 4119 2137 4167 Ι.
2166 4117 2200 4170 f.
2220 4120 2320 4170 426
2344 4135 2388 4170 v,
2526 4119 2562 4183 3)
2599 4119 2748 4185 Oorp.

411 4206 520 4257 Res.
572 4206 661 4256 VI.
715 4218 764 4270 p.
825 4206 900 4255 18.
1040 4203 1080 4262 ⁴)
1116 4220 1161 4255 v,
1214 4203 1424 4254 Toxitae
1475 4203 1861 4269 epithalamium
1912 4203 2131 4267 Stigelii.
2269 4203 2306 4267 Ξ)
2343 4202 2400 4254 Τ.
2438 4204 2506 4252 ΙΙ.
2560 4203 2595 4254 f.
2638 4207 2749 4257 196.

411 4292 453 4355 ⁶)
489 4291 543 4340 T.
580 4292 623 4339 Ι.
661 4289 697 4342 f.
733 4290 833 4341 409
867 4304 912 4338 v.
948 4290 1043 4339 411
1083 4304 1128 4340 v,
1266 4288 1301 4352 ⁷)
1339 4289 1394 4339 T.
1443 4290 1512 4341 ΙΙ.
1566 4288 1602 4341 f.
1651 4290 1766 4340 123.
1901 4287 1941 4354 ⁸)
1978 4287 2272 4338 Castnerum
2317 4287 2446 4337 dicit
2490 4287 2750 4339 Melanch·

413 4377 536 4426 thon
573 4375 629 4428 C.
664 4376 726 4427 R.
761 4374 824 4426 V.
859 4390 910 4439 p.
948 4375 1062 4426 419.
1098 4373 1185 4423 VI.
1225 4389 1275 4438 p.
1313 4376 1426 4426 355.
