3499 5219
1704 455 2202 518 ——34—

760 629 1069 694 Ienenses
1111 626 1477 708 theologos,
1524 624 1642 691 sed
1685 643 1941 690 omnem
1986 627 2211 708 etiam,
2258 626 2315 692 si
2356 624 2492 690 fieri
2534 624 2877 708 potuisset,
2937 624 3116 689 theo-

759 730 999 812 logiam
1054 729 1583 809 Protestantium,
1658 728 1893 792 frustra
1963 729 2192 794 ceteris
2262 726 2658 811 principibus
2717 725 3114 808 evangelicis

763 831 1268 909 dehortantibus,
1313 831 1604 914 inprimis
1632 831 1934 914 Philippo
1965 831 2239 896 Hassiae
2266 830 2695 911 LandgraviO,
2729 837 2793 894 et
2819 830 3111 910 Augusto

761 936 1057 1000 Electore
1114 933 1454 999 Saxoniae.
1557 932 1674 997 Cui
1729 932 1896 997 libro
1953 952 2146 1014 quum
2202 932 2603 997 subscribere
2664 931 2977 997 noluisset
3031 930 3111 995 V.

763 1035 1099 1118 Strigelius
1139 1072 1228 1082 —-
1269 1033 1646 1117 Schnepfius
1689 1034 1819 1099 iam
1864 1035 2109 1100 obierat
2153 1034 2324 1099 diem
2367 1054 2733 1117 supremum
2762 1071 2850 1079 —
2875 1035 2944 1097 in
2978 1053 3114 1098 car-

648 1219 653 1223 ·
763 1159 973 1205 cerem
1046 1139 1366 1207 coniectus
1432 1143 1529 1202 est
1585 1157 1727 1201 cum
1783 1137 2098 1219 Huegelio
2113 1186 2130 1219 ,
2206 1136 2776 1220 superintendente
2829 1135 3107 1215 lenensi,

762 1241 1179 1324 paullumque
1221 1241 1463 1321 aberat,
1511 1239 1664 1320 quin
1693 1239 2020 1321 theologia
2048 1239 2359 1321 Ienensis,
2406 1258 2568 1321 quae
2595 1238 2948 1303 laetissime
2976 1244 3112 1301 tum

764 1342 1143 1423 effloruerat,
1189 1348 1321 1406 tam
1365 1341 1653 1423 angustis
1697 1341 2313 1406 circumscriberetur
2353 1341 2663 1405 limitibus
2694 1361 2734 1404 a
2762 1338 3107 1420 Flacianis,

650 1476 653 1477 ⁷
763 1451 834 1509 ut
885 1464 970 1509 ne
1027 1443 1319 1508 doctrina
1372 1443 1629 1525 quidem
1686 1443 1814 1508 dici
1875 1450 2111 1526 posset.
2199 1443 2337 1507 Hoc
2398 1450 2468 1507 ut
2538 1463 2622 1508 ne
2693 1441 2872 1506 fieret
2942 1441 3115 1506 cavit
3196 1435 3201 1438 ’

762 1544 1077 1609 Matthaei
1127 1545 1519 1618 Wesenbeciz’,
1566 1546 1688 1610 Icti
1732 1545 1952 1610 eximii
1994 1545 2302 1624 lenensis,
2350 1545 2711 1625 auctoritas,
2759 1563 2949 1625 quem
2986 1542 3110 1608 Vd.

762 1647 1103 1714 Mordisius
1147 1647 1556 1726 (Mordeisen)
1603 1649 1856 1713 dixerat
1897 1646 2445 1729 „Christianorum
2500 1646 3110 1729 iurisperitissimum

764 1757 830 1815 et
869 1749 1369 1834 iurisperitorum
1414 1749 2071 1815 christianissimum.“
2156 1750 2346 1814 Anno
2397 1748 2567 1813 enim
2609 1747 2859 1812 MDLX
2916 1768 3110 1830 quum

764 1852 859 1917 Io.
909 1852 1241 1936 Stigelius,
1315 1852 1417 1916 cui
1469 1859 1658 1917 natus
1714 1858 1850 1917 erat
1903 1840 2137 1917 filiolus
2196 1852 2541 1930 (Iohannes
2597 1850 2961 1915 Fridericus
3017 1849 3108 1925 II)

762 1960 1012 2038 peteret
1054 1955 1248 2020 etiam
1290 1975 1332 2018 a
1374 1954 1797 2019 Wesenbecio
1842 1960 1912 2018 ut
1955 1975 2098 2019 cum
2154 1954 2301 2019 aliis
2357 1953 2606 2018 duobus
2661 1953 2730 2016 in
2786 1952 3108 2034 baptismo

763 2055 1135 2122 fideiuberct
1148 2105 1163 2137 ,
1251 2056 1610 2121 intercessit
1679 2056 1985 2138 Winteri,
2076 2054 2660 2139 superintendentis
2730 2054 2904 2118 vices
2975 2060 3110 2117 tum

763 2159 1045 2241 gerentis
1062 2206 1079 2240 ,
1140 2159 1506 2239 arrogantia
1561 2158 1697 2239 qui,
1762 2164 2068 2240 tanquam
2120 2159 2303 2242 Papa
2345 2157 2770 2239 Thuringicus
2826 2155 2928 2219 cui
2969 2156 3110 2237 ipse

765 2259 1055 2325 Christus
1083 2260 1386 2342 „claves“
1416 2260 1936 2342 concredidisset,
1982 2260 2420 2341 WesenbeciO,
2464 2265 2686 2342 utpote
2717 2256 3110 2354 Calvinistae

766 2368 830 2428 et
872 2362 979 2444 qui
1019 2362 1183 2426 libro
1224 2362 1673 2427 confutationis
1702 2362 1988 2426 nondum
2018 2362 2513 2445 subscripsisset,
2559 2380 2691 2424 non
2719 2360 2913 2424 licere
2942 2361 3111 2423 actul

763 2464 957 2529 alicui
1026 2464 1338 2529 interesse
1410 2466 1757 2529 christiano
1832 2464 2184 2528 declaravit
2252 2464 2526 2546 publice.
2543 2464 2585 2538 ¹)
2695 2461 2835 2525 Iam
2919 2461 3112 2543 igitur

765 2566 1221 2633 Wesenbecius
1262 2573 1482 2650 petere
1524 2567 1607 2631 ab
1638 2568 1882 2632 Ioanne
1910 2566 2254 2647 FridericO,
2301 2572 2370 2630 ut
2412 2565 2495 2630 ab
2540 2564 2662 2629 hac
2692 2564 3110 2629 universitate

765 2668 1214 2750 dimitteretur,
1288 2670 1355 2734 in
1426 2690 1554 2751 qua
1617 2690 1702 2734 ne
1760 2668 2120 2733 Christiano
2179 2666 2435 2750 quidem
2491 2686 2634 2731 esse
2688 2666 2812 2732 sibi
2867 2666 3107 2746 liceret,

764 2771 1091 2836 Winterus
1132 2790 1544 2854 perseverare
1587 2771 1656 2835 in
1700 2778 1916 2835 atroce
1958 2790 2228 2835 censura
2267 2770 2628 2849 multosque
2669 2773 2897 2850 postea
2943 2768 3108 2832 alios

764 2872 1057 2938 similiter
1115 2879 1527 2937 contrectare.
1544 2874 1587 2948 ²)
1674 2873 1755 2937 In
1810 2872 1912 2937 his
1968 2873 2161 2937 etiam
2204 2869 2681 2951 Duerfeldium,
2755 2870 2911 2935 iuris
2967 2890 3109 2952 pro-

764 2974 1098 3055 fessorem,
1174 2994 1362 3055 quem
1404 2975 1978 3040 excommunicavit
2020 2980 2280 3058 propter
2324 2973 2591 3037 dictum:
2667 2972 2897 3037 melius
2949 2971 3109 3036 disci

765 3076 1154 3158 theologiam
1210 3083 1275 3141 et
1329 3077 1533 3141 bonos
1588 3097 1800 3141 mores
1857 3096 1939 3141 ex
1996 3077 2243 3142 Seneca
2296 3076 2682 3159 philosopho
2741 3093 2931 3155 quam
2988 3073 3109 3137 ari-

766 3176 867 3243 dis
909 3178 1309 3260 exilibusque
1352 3179 1766 3243 concionibus
1810 3179 2399 3245 ecclesiasticorum.
2463 3177 2640 3241 Haec
2683 3162 2898 3241 omnia
2938 3175 3112 3240 facta

764 3286 914 3345 sunt
955 3299 1203 3345 summa
1241 3280 1685 3361 indignatione
1726 3281 2056 3359 bonorum,
2100 3278 2392 3360 inprimis
2422 3279 2800 3360 Schroeteri,
2847 3277 3108 3343 Schnei-

766 3381 986 3446 devini
1039 3382 1435 3463 aliorumque
1487 3382 1914 3464 professorum
1969 3400 2233 3462 quorum
2290 3380 2401 3445 ille
2457 3381 2714 3463 publice
2776 3379 3109 3444 dictitabat

764 3483 1106 3547 Flacianos
1162 3502 1302 3548 esse
1360 3482 1706 3564 „indoctos
1763 3484 1975 3547 asinos
1990 3481 2096 3559 “.³)
2194 3481 2372 3546 Haec
2427 3484 2641 3546 omnia
2695 3482 3108 3547 adverterunt

764 3585 1048 3649 animum
1075 3583 1384 3649 Iohannis
1414 3583 1722 3648 Friderici
1764 3585 2023 3648 iamiam
2065 3585 2463 3648 inclinatum.
2527 3585 2730 3665 Igitur
2772 3583 3105 3665 theologos

764 3705 915 3751 suos
955 3685 1034 3748 A.
1078 3686 1348 3765 MDLX,
1391 3685 1682 3768 inprimis
1725 3686 2089 3767 Strigelium
2134 3692 2199 3750 et
2241 3687 2543 3767 Flacium,
2592 3686 2679 3749 ad
2723 3693 3105 3751 conventum

765 3787 1193 3868 theologicum
1262 3787 1332 3850 in
1401 3808 1549 3853 arce
1609 3788 1957 3852 Hornstein
2016 3788 2342 3852 Vimariae
2411 3787 2668 3870 publice
2735 3786 3105 3852 habendum

900 4076 936 4139 ¹)
970 4074 1189 4124 Nat-rata
1223 4076 1300 4122 est
1332 4072 1456 4122 haec
1490 4090 1571 4123 res
1606 4076 1669 4126 ab
1705 4077 1782 4125 10.
1818 4076 1988 4126 Ioach.
2025 4076 2269 4125 Muellero
2304 4075 2358 4123 in
2381 4075 2655 4125 Entdeckt.
2694 4073 3106 4124 Staats-Cabinet

764 4160 809 4210 Ι.
843 4176 895 4227 p.
932 4161 997 4211 38
1034 4175 1109 4223 sq.
1161 4157 1308 4219 „Von
1343 4157 1432 4208 der
1466 4159 1726 4224 strittigen
1761 4160 2273 4210 Excommunication
2307 4160 2555 4209 Matthaei
2590 4157 2914 4210 Wesenbecii
2948 4159 3104 4211 Icti.“

764 4244 840 4295 cf.
888 4245 1057 4300 Balth.
1104 4243 1333 4292 Winter:
1391 4243 1793 4307 Wahrhafftiger
1838 4245 2048 4293 Bericht
2092 4244 2197 4294 und
2242 4245 2543 4307 grundliche
2590 4245 2940 4295 Verzeichniss
2988 4247 3102 4305 etc„

764 4330 890 4379 Iena
943 4331 1091 4381 1560.
1155 4330 1204 4379 4.
1342 4327 1379 4383 ²)
1414 4328 1475 4379 V.
1531 4329 1773 4393 epistolas
1825 4328 2031 4393 Stigelii
2082 4330 2146 4378 ad
2197 4330 2407 4380 Paulum
2460 4329 2684 4380 Eberum
2735 4331 2791 4379 in
2841 4327 3102 4378 addendis,

765 4414 801 4477 ³)
840 4414 900 4467 V.
930 4410 998 4466 E.
1035 4413 1093 4464 S.
1136 4413 1379 4482 Cypriani
1389 4433 1408 4463 .·
1444 4412 1705 4463 Clarorum
1743 4414 1964 4465 virorum
1998 4413 2242 4480 epistolae
2277 4413 2482 4467 CXVII.
2519 4431 2568 4480 p.
2606 4418 2689 4467 29.
