3499 5219
1613 464 1744 469 -—
1834 430 1955 492 324

897 602 1011 665 His
1069 599 1437 683 praemissis
1493 597 1682 662 facile
1725 596 1813 661 ad
1856 594 2346 679 intelligendum
2392 597 2512 661 erit
2555 616 2777 662 omnes
2820 597 3076 681 figuras,

727 724 886 786 quas
929 702 1432 767 Thessalonicae
1477 699 1830 765 delineavit
1868 699 2196 779 RevettuS‚
2242 698 2564 781 pertinere
2606 698 2691 762 ad
2735 701 3078 764 communi-

729 811 872 869 cata
930 826 1112 869 sacra
1158 804 1544 869 Graecorum
1604 823 1743 866 cum
1803 801 2115 882 religione
2158 801 2514 883 Phrygum,
2571 801 2662 864 ita
2716 808 2786 865 ut
2827 802 3075 866 Rheam

727 908 1017 992 Cybelen
1062 907 1288 990 ipsam,
1335 906 1440 970 vel
1487 904 1696 987 potius
1741 903 1900 967 rude
1945 903 2082 968 eius
2127 903 2399 984 signum,
2444 902 2770 985 ipsiusque
2810 911 2874 968 et
2902 905 3077 969 Iovis

728 1010 1018 1074 subolem
1062 1016 1365 1089 tanquam
1413 1006 1567 1070 deos
1598 1005 2140 1070 Thessaloniceae
2184 1005 2491 1069 tutelares
2534 1006 2674 1069 sine
2704 1004 3077 1070 difficultate

726 1131 1057 1193 agnoscas.

895 1212 1108 1277 Prima
1139 1212 1329 1293 igitur
1357 1210 1575 1292 figura,
1610 1209 1789 1279 cuius
1809 1209 2154 1291 imaginem
2177 1209 2301 1272 huc
2326 1208 2694 1290 adiecimus,
2721 1216 3074 1274 ceterarum

728 1314 1007 1377 omnium
1051 1312 1392 1377 videbatur
1447 1311 1895 1375 obscurissima
1942 1330 2115 1392 esse3
2174 1330 2343 1374 nunc
2399 1317 2616 1375 tamen
2675 1311 2828 1391 quid
2884 1313 3078 1393 signi-

620 1471 625 1474 .
725 1416 867 1480 ficet
909 1415 977 1479 in
1022 1415 1239 1479 oculos
1282 1413 1563 1477 incurrit.
1653 1413 1929 1473 Victor-ia
1976 1419 2073 1476 est
2112 1412 2306 1492 alata,
2355 1431 2521 1493 quae
2563 1413 2861 1477 manibus
2905 1435 3076 1478 nunc

726 1517 1014 1600 abruptis
1058 1516 1262 1581 tenuit
1303 1516 1538 1580 molem
1583 1513 1908 1596 quandam
1954 1533 2118 1595 quae
2164 1513 2419 1577 diversa
2454 1534 2584 1577 non
2615 1520 2712 1578 est
2742 1515 2824 1577 ab
2857 1516 3077 1598 lapide

725 1618 1157 1700 Pessinuntis3
1215 1616 1301 1680 ad
1355 1615 1554 1699 pedes
1599 1615 1919 1681 Victoriae
1975 1615 2267 1679 videmus
2322 1614 2530 1679 leonis
2573 1615 2819 1678 alatum
2864 1624 3075 1699 caput,

724 1721 1001 1802 Magnae
1045 1719 1234 1783 Matri
1279 1717 1564 1801 Cybelae
1619 1718 1802 1781 sacri.
1891 1718 2119 1782 Fertur
2173 1716 2366 1799 igitur
2407 1716 2729 1782 Victoriae
2779 1719 3078 1784 manibus

722 1820 886 1886 illud
943 1822 1350 1886 simulacrum
1409 1818 1570 1884 deae
1611 1818 2063 1884 Pessinuntiae
2120 1817 2347 1883 eodem
2397 1817 2588 1881 modo
2633 1825 2703 1882 ut
2745 1827 3079 1885 matronae

725 1924 1057 1989 Romanae
1114 1921 1388 1987 eundem
1447 1920 1732 2004 lapidem
1784 1921 1867 1984 ab
1911 1918 2094 1985 Ostia
2138 1920 2502 1985 detulerunt
2544 1921 2832 1983 Romam.
2922 1923 3078 2004 Ipsa

725 2024 1007 2089 Victoria
1052 2019 1271 2104 (Νίκη)
1317 2022 1571 2087 videtur
1615 2022 1789 2086 urbis
1833 2021 2329 2086 Thessalonices
2387 2021 2878 2103 originationem
2919 2044 3078 2106 prae

724 2146 796 2191 se
851 2127 1035 2191 ferre.
1131 2125 1354 2189 Altera
1413 2123 1614 2205 figura
1670 2123 1845 2206 apud
1901 2123 2226 2187 Stuartum
2286 2130 2383 2187 est
2438 2121 2720 2184 Helenae
2737 2126 2812 2205 ¹),
2888 2125 3076 2189 tertia

727 2227 979 2291 Paridis
992 2228 1055 2308 ²),
1105 2234 1173 2291 ut
1217 2226 1550 2291 Graeciam
1596 2246 1738 2289 cum
1783 2224 2067 2308 Phrygia
2110 2225 2417 2290 sociatam
2460 2224 2910 2306 significarent.

895 2329 1135 2407 Quarta
1166 2334 1261 2392 est
1300 2325 1677 2411 Ganymedis
1705 2327 1982 2409 Phrygis
2025 2327 2107 2390 ab
2152 2326 2370 2408 aquila
2399 2327 2571 2390 Iovis
2602 2328 2804 2411 rapti3
2851 2328 3078 2410 quinta

724 2430 943 2493 Ledae
987 2450 1129 2493 cum
1175 2450 1402 2513 cygm,
1448 2429 1740 2494 Helenae
1784 2428 2025 2509 matria,
2080 2436 2263 2492 sexta
2309 2435 2406 2492 est
2449 2429 2792 2505 Ariadnae,
2838 2430 3075 2494 Bacchi

724 2531 1011 2614 coniugis
1026 2532 1104 2613 ³),
1163 2531 1437 2615 septima
1490 2530 1763 2606 Bacchi,
1823 2537 1954 2594 tam
1998 2531 2274 2612 Magnae
2318 2529 2541 2594 Matris
2584 2529 2825 2595 Idaeae
2882 2552 3073 2614 quam

723 2634 896 2697 Iovis
940 2632 1073 2713 filii,
1120 2640 1348 2697 octava
1375 2632 1685 2708 Bacchae,
1733 2633 1969 2696 Bacchi
2005 2632 2278 2713 Sabazii,
2326 2652 2440 2697 seu
2473 2634 2758 2717 Phrygii,
2806 2635 3073 2699 comitis.

894 2735 1094 2798 Multo
1139 2735 1355 2818 plures
1399 2740 1611 2798 autem
1659 2734 1812 2797 olim
1854 2735 1921 2798 in
1966 2734 2088 2798 hoc
2131 2742 2542 2799 monumento
2587 2735 2782 2800 fuisse
2817 2734 3071 2817 figuraS,

727 2857 917 2919 quam
962 2856 1128 2919 quae
1171 2857 1340 2901 nunc
1383 2842 1628 2900 restant
1672 2835 2127 2918 paucissimae,
2190 2841 2253 2900 et
2305 2855 2410 2900 res
2458 2836 2601 2919 ipsa
2645 2837 2830 2902 docet
2872 2845 2938 2902 et
2979 2838 3074 2902 in·

724 2939 1086 3021 scriptionis
1142 2938 1439 3003 residuae
1494 2938 1778 3002 brevitas
1834 2937 2010 3002 cuius
2054 2944 2496 3018 argumentum
2539 2958 2657 3020 per
2699 2945 2898 3002 totum
2943 2941 3076 3022 epi-

725 3041 985 3123 stylium
1032 3040 1498 3106 extendebatur
1549 3040 1701 3102 olim
1747 3038 2138 3120 longissime.
2227 3038 2441 3116 Quare
2495 3039 2845 3121 periculum
2903 3047 3073 3106 certe

723 3141 1087 3206 faciendum
1147 3143 1264 3207 erit
1322 3141 1685 3224 explendae
1741 3139 2100 3206 sententiae
2153 3140 2584 3223 inscriptionis
2645 3161 2835 3223 quam
2879 3163 3074 3225 supra

724 3244 1045 3326 proposui.
1147 3242 1304 3307 Mihi
1357 3242 1549 3325 igitur
1605 3242 1694 3306 sic
1749 3240 2093 3306 videbatur
2133 3240 2556 3325 redintegrari
2601 3242 3070 3324 quodammodo

724 3364 946 3427 posse.

725 3477 935 3556 [Qeoi‘g
977 3476 1286 3584 πατρώοις
1328 3486 1457 3549 τοῖς
1500 3474 1762 3552 σώζουσι
1817 3475 1925 3537 τὸν
1971 3485 2080 3555 τῆς
2128 3477 2635 3548 Θεσσαλονικειάς
2678 3477 3074 3557 συνοικισμὸν

1113 3542 1241 3641 το]ν
1282 3562 1670 3643 γεγεννμὲνον
1711 3559 1833 3624 ὑπὸ
1879 3561 2321 3642 [Κασσάνδρου
2364 3561 2687 3641 βασιλέως]

724 3697 1102 3781 Quanquam
1147 3700 1309 3765 haec
1352 3699 1802 3782 supplementa
1844 3705 1992 3763 sunt
2033 3699 2219 3763 aleae
2260 3698 2657 3781 plenissima.

861 3901 895 3953 ¹»
932 3902 1225 3964 Sceptrum,
1273 3901 1333 3950 de
1381 3917 1481 3966 quo
1518 3901 1755 3950 Stnartus
1790 3900 1958 3962 dicit,
2004 3901 2060 3949 in
2108 3901 2271 3964 figura
2316 3899 2380 3949 ab
2417 3902 2627 3951 Revetto
2674 3902 2925 3953 delineata
2966 3919 3071 3952 non

722 3985 945 4047 inveni0,
984 4001 1146 4050 neque
1171 3985 1375 4035 Medeae
1413 3985 1688 4050 quidquam
1722 3985 1902 4036 simile.
2009 3983 2047 4048 ²)
2085 3984 2186 4033 Cur
2206 3985 2483 4052 Telephum
2511 3987 2645 4035 hunc
2675 3987 2812 4036 dicat
2832 3988 3073 4037 Stuartus

723 4086 826 4119 non
875 4069 1143 4135 perspicio.
1218 4069 1383 4134 Capra
1417 4086 1505 4119 seu
1540 4070 1731 4120 vitulus
1771 4070 1836 4120 ad
1872 4070 2096 4119 dextram
2132 4070 2333 4119 Paridis
2369 4076 2444 4119 est
2481 4071 2631 4120 index
2673 4072 2890 4135 pastoris
2927 4072 3073 4122 Idaei

723 4171 770 4205 v.
806 4155 985 4203 Horat
1025 4153 1196 4215 Od.1,
1239 4156 1316 4214 15,
1356 4156 1411 4204 1·
1462 4154 1643 4205 Pastor
1677 4174 1781 4205 cum
1819 4156 2030 4205 traheret
2057 4173 2151 4220 per
2185 4156 2328 4220 freta
2364 4158 2568 4206 navibus
2606 4157 2777 4207 Idaeis
2811 4158 3075 4208 Helenam.

859 4237 895 4300 ³)
931 4238 1118 4288 Mirum
1156 4244 1232 4288 est
1266 4238 1477 4288 alteram
1512 4239 1759 4288 Baccham
1797 4240 1927 4288 hanc
1963 4239 2199 4288 habuisse
2236 4239 2526 4334 Stuarturn‚
2575 4240 2721 4303 quasi
2769 4257 2870 4289 non
2918 4242 3073 4291 suffe-

723 4322 877 4371 cisset
916 4338 1033 4371 una.
