3499 5219
1271 444 1403 452 ——
1493 414 1823 477 265——

544 649 1195 723 RESVSCITATVR
1251 648 1780 819 ΟΑΞὲἓῙΙΑξΕΙ
1834 649 2346 719 EPIGRAMMA
2403 651 2559 715 DIV

1560 753 1616 815 T
1746 799 1761 815 .

560 939 638 1003 In
679 938 875 1001 Petri
910 936 1166 999 Pz’thoei
1205 938 1555 1002 carminum
1597 937 1948 1020 farragine,
1995 957 2159 1019 quae
2204 937 2295 1003 sic
2336 938 2730 1005 inscribitur:

390 1042 873 1124 Epigrammata
902 1046 967 1104 et
993 1038 1318 1123 poematia
1344 1046 1582 1120 vetera,
1629 1058 1893 1121 quorum
1922 1038 2231 1122 pleraque
2258 1061 2428 1105 nunc
2458 1042 2729 1123 primum

390 1164 473 1210 ex
515 1142 794 1224 antiquis
837 1138 1161 1205 codicibus
1205 1147 1268 1205 et
1308 1140 1635 1224 lapidibus
1661 1141 1794 1205 alia
1836 1140 2106 1222 sparsim
2151 1142 2425 1207 antehac
2455 1146 2733 1210 errantia

389 1245 518 1310 iam
574 1243 995 1325 undecunque
1052 1242 1321 1307 collecta
1375 1241 1814 1307 emendatiora
1868 1240 2160 1307 eduntur.
2234 1243 2438 1327 Ludg.
2503 1248 2730 1324 1596.¹)

391 1369 455 1431 p.
502 1351 560 1411 2.
606 1346 840 1428 legitur
882 1344 1279 1427 epigramma
1319 1344 1469 1409 hoc:

909 1478 1283 1552 Callimachi,
1330 1480 1588 1561 imaqim’
1625 1480 1990 1563 inse-mptum
2032 1479 2221 1544 Iovis.

394 1586 698 1661 Quaenam
740 1585 888 1644 haec
930 1582 1163 1643 forma?
1192 1617 1277 1626 —
1310 1583 1443 1642 Dei.
1475 1615 1560 1627 --
1605 1583 1726 1642 Cur
1769 1601 1946 1643 versa
1989 1582 2119 1643 est?
2146 1617 2234 1628 --
2275 1585 2544 1662 Fulgura
2586 1586 2735 1647 lucis

477 1672 731 1732 Divinae
775 1687 892 1729 non
937 1668 1055 1728 fert
1098 1668 1307 1728 debilis
1350 1668 1499 1728 haec
1542 1668 1719 1727 acies.
1764 1702 1851 1714 —-

395 1758 551 1833 Quid
593 1774 737 1815 vero
781 1754 977 1813 existit
1018 1759 1299 1834 tanquam
1343 1772 1460 1812 uno
1506 1771 1538 1811 e
1583 1771 1834 1829 corpore
1878 1753 2137 1830 corpus?
2179 1789 2266 1801 —-

479 1842 592 1902 Hic
636 1859 798 1900 amor
841 1845 947 1899 est.
994 1873 1079 1882 --
1123 1837 1184 1897 Si
1227 1857 1390 1897 amor
1433 1842 1522 1897 est
1566 1856 1673 1896 cur
1715 1837 1924 1896 videt?
1965 1872 2051 1882 —-
2093 1839 2175 1898 At
2215 1841 2373 1900 Iovis
2417 1846 2523 1901 est.
2562 1875 2634 1885 -

397 1930 517 1989 Gur
559 1926 643 1985 ita
685 1924 1030 2001 complicitis
1073 1923 1228 1991 alis?
1273 1956 1354 1966 —
1398 1923 1717 1998 Nunquam
1763 1923 1975 1982 evolat.
2021 1957 2103 1968 —
2147 1925 2228 1984 At
2271 1944 2378 1985 cur

479 2014 549 2072 In
594 2029 657 2071 se
702 2009 993 2069 convertit
1033 2008 1199 2068 tela?
1244 2043 1329 2053 ·-
1372 2008 1476 2067 Sui
1518 2008 1619 2066 ille
1664 2027 1828 2067 amor
1872 2012 1978 2067 est.
2022 2043 2110 2052 —

398 2100 518 2159 Cur
562 2097 721 2156 ferro
765 2096 891 2154 sine
933 2095 1056 2154 tela
1097 2092 1297 2171 gerit?
1335 2127 1421 2137 -
1464 2092 1618 2165 Quia
1658 2093 1924 2153 vulneris
1968 2112 2183 2170 expers

480 2184 591 2243 Ille
635 2185 755 2259 est3
800 2184 861 2240 at
903 2184 1102 2239 vester
1144 2179 1420 2238 vulnerat
1462 2184 1522 2237 et
1563 2178 1805 2238 cruciat.

565 2315 868 2380 Pithoeus
908 2313 1049 2397 ipse
1093 2312 1175 2378 de
1217 2313 1340 2377 hoc
1382 2312 1843 2395 epigrammate
1885 2333 1948 2396 p.
2000 2316 2142 2377 581.
2187 2313 2348 2379 haec
2376 2312 2735 2380 admonuit:

398 2416 709 2500 „Dubiae
733 2425 828 2478 est
867 2415 1204 2477 vetustatis.
1282 2412 1489 2486 scida,
1537 2415 1697 2477 unde
1742 2413 2077 2487 habuimus,
2126 2435 2214 2477 ex
2255 2415 2479 2478 Italico
2523 2437 2734 2478 eoeem·

387 2519 570 2605 plari
606 2526 910 2602 sumptum
943 2514 1347 2578 testabatur.“
1409 2516 1634 2580 Paullo
1663 2523 1811 2599 post
1852 2522 2067 2582 tamen
2113 2517 2340 2583 eadem
2384 2518 2624 2601 pagina
2655 2517 2736 2583 de

395 2624 525 2688 alio
570 2622 849 2687 carmine
892 2639 976 2684 ex
1029 2638 1258 2701 graeco
1301 2620 1614 2684 translat-o
1668 2618 1861 2684 dixit:
1937 2618 2250 2702 „Videtur
2303 2629 2368 2683 et
2419 2620 2538 2684 hoc
2591 2641 2736 2686 con-

398 2744 652 2791 versum
698 2743 779 2787 ex
821 2739 1068 2804 graeco,
1115 2720 1286 2802 quod
1330 2728 1425 2786 est
1467 2720 1578 2786 lib.
1625 2721 1676 2785 I.
1710 2721 2082 2804 Antholog“
2114 2722 2445 2806 (Meleagri
2475 2722 2732 2788 Anthol.

398 2826 537 2892 Pal.
594 2826 669 2889 T.
731 2824 815 2888 II.
875 2844 938 2906 p.
1004 2827 1189 2900 115.).
1278 2822 1547 2887 Nescias
1602 2822 1796 2905 igitur
1849 2829 2057 2887 utrum
2114 2823 2196 2889 de
2259 2824 2735 2907 epigrammatis

398 2927 609 3011 graeci
654 2932 911 2991 auctore
955 2945 1041 2989 an
1086 2924 1170 2989 de
1210 2924 1557 3007 interprete
1599 2924 1803 2987 latino
1847 2924 1969 2989 hoc
2013 2924 2246 2990 dixerit
2288 2925 2567 3008 „dubiae
2594 2945 2735 2992 esse

396 3027 797 3109 vetustatis,“
842 3025 957 3091 sed
1001 3026 1207 3090 altera
1246 3032 1404 3090 nota
1457 3024 1711 3090 adiecta
1764 3026 1961 3108 plane
2017 3024 2303 3091 adducor
2356 3032 2426 3090 ut
2481 3026 2735 3092 credam

397 3131 668 3196 latinam
710 3127 1299 3212 interpretationem
1355 3126 1424 3189 in
1481 3126 1696 3191 animo
1740 3127 2044 3193 habuisse
2085 3128 2437 3194 Pithoeum.
2525 3129 2736 3211 Atque

402 3233 483 3299 de
542 3230 934 3297 Callimacho
991 3229 1178 3294 huius
1236 3228 1711 3311 epigrammatis
1777 3237 2033 3295 auctore
2090 3249 2281 3311 quum
2337 3231 2542 3314 primo
2598 3231 2737 3313 ipse

402 3334 825 3414 dubitassem,
894 3351 1043 3396 mox
1106 3337 1322 3396 tamen
1366 3350 1677 3396 conversa
1733 3331 2052 3397 sententia
2110 3338 2234 3414 est,
2301 3339 2370 3396 ut
2422 3332 2738 3414 muginari

400 3435 594 3502 hodie
639 3434 974 3514 desistam,
1040 3452 1231 3514 quum
1276 3451 1533 3515 prorsus
1576 3452 1747 3497 vana
1791 3433 1873 3498 sit
1916 3433 2190 3516 suspicio
2234 3432 2587 3498 Burmanni
2631 3433 2737 3517 qui

398 3538 671 3605 Marullo
713 3536 989 3600 tribuere
1032 3552 1288 3599 carmen
1331 3534 1533 3598 voluit
1569 3534 1801 3610 (Anth.·
1833 3535 1884 3615 Ι,
1933 3537 2038 3611 6.).
2097 3534 2375 3600 Primum
2407 3535 2585 3600 enim
2606 3542 2737 3600 tam

399 3639 692 3704 mirabile
747 3645 1005 3717 tamque
1058 3636 1321 3718 elegans
1374 3634 1629 3700 videtur
1683 3642 2124 3718 argumentum
2181 3655 2352 3719 esse,
2410 3642 2481 3701 ut
2523 3656 2740 3702 recen-

398 3742 625 3809 tiorem
689 3739 758 3804 id
822 3744 1078 3821 poetam
1144 3737 1509 3802 condidisse
1571 3738 1683 3801 vix
1737 3737 1821 3802 sit
1884 3736 2221 3821 credibile:
2289 3737 2524 3804 deinde
2581 3738 2738 3804 satis

399 3849 650 3911 constat
706 3838 991 3906 carmina
1034 3838 1411 3904 Callimachi
1467 3844 1729 3923 propter
1784 3838 2170 3921 elegantiam
2223 3859 2300 3904 ac
2356 3840 2737 3906 suavitatem

397 3946 554 4012 inde
595 3945 677 4010 ab
724 3942 995 4024 Catullo,
1041 3941 1116 4021 Q.
1162 3940 1389 4006 Catulo
1434 3947 1499 4006 et
1540 3938 1772 4005 Ovidio
1815 3941 1884 4004 in
1913 3942 2181 4005 latinum
2213 3960 2569 4007 sermonem
2601 3961 2737 4006 sae-

400 4045 545 4129 pius
589 4061 729 4110 esse
771 4039 1119 4127 translata3
1178 4042 1451 4125 denique
1506 4043 1649 4126 ipsa
1703 4042 1906 4107 forma
1961 4042 2148 4107 huius
2204 4043 2501 4108 carminis
2545 4041 2738 4106 Calli-

401 4146 612 4213 machi
654 4146 880 4229 poesin
924 4145 1506 4227 epigrammaticam
1552 4145 1733 4227 quasi
1791 4144 2035 4229 spirare
2077 4143 2359 4227 videtur,
2418 4143 2526 4228 qui
2582 4162 2738 4226 prae

887 4289 1004 4297 ...mo-

392 4293 544 4304 ——-a·-

541 4367 572 4426 ¹)
610 4364 683 4415 De
719 4366 812 4414 hac
848 4364 1071 4415 editione
1109 4382 1151 4415 v.
1175 4366 1230 4415 P.
1254 4366 1596 4414 Bur-mannum
1632 4380 1711 4429 ep.
1738 4361 1846 4414 ded.
1871 4363 1933 4413 ad
1954 4362 2309 4428 Anthologiam
2333 4361 2422 4414 lat.
2458 4377 2507 4427 p.
2527 4360 2734 4412 XXXV.
