3499 5219
1677 432 2245 495 -156--

964 597 1081 665 His
1124 598 1418 664 omnibus
1458 607 1676 665 tamen
1717 600 1911 681 longe
1955 599 2264 664 acriorem
2307 619 2634 667 censorem
2683 602 2933 669 invenit
2977 603 3133 669 Cato

795 700 1248 767 Ciceronianus
1290 701 1359 765 in
1405 700 1680 768 Caesare
1720 702 1864 784 ipso
1881 748 1898 782 ,
1957 702 2065 784 qui
2117 701 2502 784 simulatque
2544 702 2666 768 sibi
2707 705 2774 769 in
2818 705 3132 789 Hispania

791 803 1201 886 belligeranti
1255 802 1527 875 traditus
1581 810 1755 869 esset
1804 802 1970 868 liber
2012 801 2366 885 Ciceronis,
2425 805 2504 869 A.
2548 804 2754 871 Hirtio
2800 806 3133 872 mandavit

791 912 862 971 ut
901 905 1130 972 litteris
1171 904 1583 989 praenunciis
1625 903 1915 970 Ciceroni
1957 903 2344 987 significaret
2385 925 2456 971 se
2497 908 2947 991 rescripturum
2992 928 3131 976 esse

792 1006 875 1074 de
918 1006 1188 1072 Catone.
1277 1006 1405 1073 Cic.
1439 1006 1528 1073 ad
1555 1007 1687 1072 Att.
1717 1005 1870 1088 XII,
1904 1010 2015 1072 40:
2061 1005 2328 1089 „Qualis
2370 1006 2582 1073 futura
2621 1009 2706 1074 sit
2744 1010 3128 1093 vituperatio

791 1116 1013 1176 contra
1041 1108 1503 1177 ‘laudationem
1555 1128 1765 1177 meam
1793 1107 2115 1192 fperspexi
2157 1128 2240 1175 ex
2282 1128 2360 1175 eo
2403 1110 2567 1176 libro
2580 1159 2598 1192 ‚
2659 1130 2846 1193 quem
2890 1112 3130 1178 Hirtius

788 1210 876 1276 ad
931 1230 1037 1277 me
1089 1211 1291 1293 misit,
1350 1211 1418 1276 in
1476 1230 1600 1293 quo
1656 1210 1900 1293 colligit
1955 1210 2114 1275 vitia
2157 1208 2419 1276 Catonis
2471 1211 2590 1277 sed
2646 1233 2782 1276 cum
2837 1215 3128 1276 maoeimvls·

792 1311 1075 1377 laudibus
1115 1312 1333 1376 meisf‘
1391 1311 1574 1392 Quae
1601 1313 1846 1378 Hirtius
1887 1312 2149 1377 miserat
2189 1332 2307 1396 pro
2348 1314 2615 1396 praevia
2641 1313 3128 1382 adumbratione

694 1501 698 1504 .
789 1414 1250 1499 (proplasmate
1290 1413 1378 1480 ad
1419 1414 1551 1479 Att.
1597 1414 1731 1480 XII
1743 1463 1762 1498 ‚
1808 1415 1915 1490 41)
1958 1412 2263 1480 habenda
2304 1422 2489 1481 erant
2528 1417 2889 1498 argumenti
2928 1417 3126 1502 ipsius

784 1516 967 1600 libri3
1010 1516 1264 1600 scripsit
1307 1516 1478 1582 enim
1508 1515 1760 1598 Cicer03
1806 1514 2014 1598 qualis
2035 1514 2277 1598 futura
2313 1517 2396 1583 sit
2422 1517 2842 1603 vituperatio;
2886 1519 3125 1586 Hirtius

786 1625 999 1684 autem
1051 1618 1194 1701 ipse
1248 1639 1380 1683 non
1436 1637 1645 1702 pauca
1696 1618 1952 1684 videtur
1996 1618 2497 1685 communicasse
2538 1639 2681 1685 cum
2727 1618 3004 1689 Caesare
3043 1623 3124 1688 de

784 1719 958 1786 vitiis
1013 1718 1274 1785 Catonis
1290 1767 1307 1802 ,
1369 1719 1599 1803 quibus
1654 1726 1901 1804 postea·
1935 1741 2088 1786 usus
2142 1727 2241 1786 est
2294 1719 2594 1803 dictator,
2670 1742 2863 1804 quum
2917 1723 3121 1808 ipsum

782 1821 1016 1887 librum
1074 1821 1392 1887 emitteret
1432 1821 1870 1885 Anticatonem
1928 1821 2165 1887 dictum
2181 1823 2224 1899 ¹)
2282 1822 2656 1901 (secundum
2704 1816 3122 1903 Ἀντιλαῒὸας

782 1923 1188 2006 antiquarum
1251 1922 1722 1988 comoediarum
1793 1923 2131 2008 scriptores
2188 1921 2691 2007 Cephisodorum
2748 1933 2813 1992 et
2867 1928 3123 2011 Epicra-

782 2028 957 2101 tem).
1045 2022 1249 2103 Quem
1301 2023 1562 2092 Catonis
1616 2024 1871 2090 titulum
1924 2025 2105 2108 quasi
2157 2025 2242 2091 ab
2296 2024 2518 2091 inferis
2570 2028 2898 2114 revocavit
2950 2030 3123 2115 apud

783 2145 902 2193 nos
943 2125 1313 2209 Lessingius
1358 2125 1531 2192 edito
1573 2124 2026 2190 Anti-Goezio.
2113 2128 2211 2193 Ac
2261 2134 2404 2192 tam·
2452 2125 2714 2194 mirifice
2769 2128 3123 2199 delectatus

786 2235 884 2294 est
928 2226 1147 2294 Cicero
1203 2227 1476 2312 epistola
1519 2228 1709 2293 Hirtii
1722 2276 1739 2310 ‚
1797 2228 1984 2294 unice
2036 2235 2373 2295 contentus
2423 2228 2724 2296 laudibus
2777 2232 2909 2298 suis
2966 2254 3121 2317 quas

784 2351 911 2397 non
959 2337 1445 2413 exspectaverat
1486 2350 1527 2396 a
1570 2328 1848 2396 Caesare
1862 2377 1879 2412 ‚
1941 2336 2012 2396 ut
2044 2331 2269 2396 'statim
2309 2329 2398 2396 ad
2438 2331 2611 2398 hunc
2649 2332 2897 2401 litteras
2942 2334 3122 2402 daret
3163 2348 3167 2352 ·

787 2432 969 2515 quasi
1012 2432 1532 2499 reconciliaturas
1575 2451 1734 2514 quas
1763 2432 1903 2515 ipse
1933 2431 2045 2511 (ad
2072 2431 2351 2497 Atticum
2378 2433 2565 2514 XIII,
2611 2437 2717 2512 27)
2760 2436 3118 2520 verebatur,

782 2553 867 2599 ne
896 2531 1135 2598 Caesar
1163 2533 1345 2617 quasi
1388 2529 1699 2617 μείλιγμα
1740 2533 2012 2599 haberet
2038 2533 2285 2599 laudati
2316 2532 2576 2601 Catonis
2588 2535 2656 2613 2).
2728 2535 2898 2616 Quin
2928 2538 3117 2604 etiam

780 2643 1008 2719 postea
1062 2634 1148 2700 ad
1190 2635 1470 2701 Atticum
1513 2636 1723 2717 (XIII,
1771 2639 1877 2713 50)
1932 2636 2185 2721 scripsit
2239 2635 2500 2703 Caesari
2552 2639 2923 2704 nunciatum
2980 2661 3118 2707 esse

782 2756 853 2803 se
920 2737 1158 2821 legisse
1225 2737 1424 2802 libros
1495 2748 1715 2801 eontra
1776 2735 2067 2802 Catonem
2130 2747 2196 2800 et
2253 2738 2640 2802 vehementer
2689 2742 2994 2825 probasse
3057 2750 3117 2809 et

780 2845 1007 2923 postea
1034 2840 1200 2918 (51):
1242 2838 1467 2911 „Bene
1508 2840 1793 2903 eoezlstz‘mo
1838 2840 1915 2903 de
1956 2841 2082 2904 illa·
2123 2839 2317 2913 libr-zze,
2363 2849 2436 2903 ut
2473 2840 2590 2903 tibi
2627 2852 2906 2905 coram.“
2977 2844 3118 2910 Nae

775 2940 891 3007 ille
931 2959 1157 3023 parum
1199 2948 1585 3024 cognoverat
1625 2941 2132 3025 placabilitatem
2173 2949 2240 3007 et
2265 2942 2672 3008 clementiam
2702 2941 2770 3008 C.
2803 2941 3113 3027 Caesaris,

780 3042 889 3126 qui
944 3042 1177 3108 emisso
1233 3041 1364 3108 iam
1405 3042 1792 3110 Anticatone
1846 3063 2039 3126 quum
2097 3044 2291 3110 etiam
2334 3044 2514 3109 Bruti
2557 3042 2865 3111 Catonem
2914 3047 3115 3130 perle-

778 3144 977 3227 gisset
1018 3143 1271 3226 scripsit
1308 3144 1397 3209 ad
1438 3143 1743 3211 Balbum:
1805 3143 2121 3209 Ciceronis
2167 3143 2397 3210 Catone
2449 3146 2807 3230 saepissime
2858 3147 3113 3230 leyendo

779 3266 846 3307 se
888 3246 1297 3329 copiosiorem
1319 3245 1595 3328 sactum,
1640 3246 1844 3310 Bruti
1874 3244 2105 3311 Catone
2133 3248 2291 3310 lecto
2318 3267 2387 3309 se
2419 3246 2544 3310 sibi
2582 3249 2774 3310 mis-um
2818 3247 3112 3312 disertum

914 3533 950 3597 ¹)
987 3532 1160 3597 Ipsum
1199 3532 1461 3584 Caesarem
1506 3532 1695 3584 librum
1742 3549 1889 3585 suum
1936 3534 2259 3601 inscripsisse
2294 3535 2629 3586 Anticatonem
2674 3534 2817 3584 valde
2864 3536 3109 3586 incertum

780 3622 872 3669 cst.
941 3617 1116 3668 Cicero
1152 3623 1284 3670 certe
1319 3619 1413 3668 hoc
1449 3618 1652 3668 nomine
1687 3635 1789 3668 non
1825 3618 2002 3680 utitur,
2039 3619 2126 3671 sed
2160 3620 2219 3669 de
2255 3622 2608 3685 vituperatione
2643 3618 2851 3682 Catonis
2886 3618 3112 3685 loquitur

779 3702 859 3752 vel
905 3702 965 3753 de
1012 3701 1156 3753 libris
1202 3708 1378 3753 contra
1411 3701 1650 3753 Catonem
1700 3703 1783 3758 (ad
1818 3705 1925 3756 Att.
1960 3704 2124 3764 XIII,
2171 3707 2273 3768 50).
2347 3707 2509 3765 Quum
2545 3703 2723 3760 Quint.
2773 3706 2921 3765 (Inst.
2957 3706 3014 3766 1,
3060 3707 3109 3760 5)

778 3787 1198 3852 compositionem
1242 3786 1555 3839 Anticatonis
1601 3792 1652 3837 et
1699 3790 1904 3856 epiloqii
1947 3787 2304 3840 vocabulorum
2351 3790 2605 3839 notaverit
2655 3804 2758 3838 non
2809 3804 2932 3840 sane
2981 3791 3108 3840 veri-

779 3871 945 3924 simile
970 3876 1062 3932 est,
1086 3871 1180 3921 tali
1204 3872 1570 3936 compositione
1595 3889 1742 3922 usum
1764 3889 1871 3924 esse
1897 3880 2151 3924 auctorem
2176 3872 2299 3924 libri
2325 3872 2387 3923 de
2413 3875 2652 3940 analoyia
2688 3875 2885 3941 linquae
2910 3876 3106 3927 latinae.

907 3956 949 4018 Ρ)
985 3955 1272 4021 Optandum
1307 3962 1438 4007 esset
1471 3962 1717 4009 servatam
1752 3973 1858 4009 esse
1891 3959 2024 4009 hanc
2059 3958 2326 4024 epistolam
2352 3957 2416 4008 ad
2437 3957 2715 4021 Caesarem,
2749 3963 2809 4010 ut
2832 3958 3109 4010 videremus

778 4056 927 4107 quam
960 4056 1013 4091 se
1048 4041 1251 4090 torserit
1285 4041 1487 4104 Cicer0‚
1533 4049 1593 4093 ut
1626 4058 1678 4092 se
1715 4042 1917 4093 Caesari
1952 4049 2225 4094 excusaret.
2296 4042 2372 4093 Cf.
2409 4042 2471 4095 ad
2507 4045 2613 4093 Att.
2648 4042 2791 4104 XIII,
2827 4046 2910 4095 51.
2979 4044 3107 4095 Nam

777 4125 911 4191 quod
946 4123 1148 4190 publice
1183 4124 1344 4175 facere
1380 4142 1481 4175 non
1520 4142 1670 4175 ausus
1706 4131 1808 4188 est,
1857 4127 1967 4177 sine
2014 4127 2252 4178 dedecore
2301 4144 2391 4177 suo
2437 4127 2639 4191 putavit
2673 4127 2911 4192 privatim
2949 4128 3106 4178 facere

777 4227 828 4262 se
862 4226 1025 4276 posse.
1094 4209 1282 4260 Verum
1327 4215 1445 4275 post
1489 4215 1700 4261 mortem
1734 4211 1962 4261 Caesaris
1996 4212 2144 4262 aliter
2176 4212 2338 4262 visum
2372 4217 2449 4262 est
2483 4212 2731 4263 Ciceroni.
2802 4214 2864 4261 In
2900 4212 3107 4278 Topicis

775 4298 910 4347 enim
946 4299 1049 4360 (25)
1086 4282 1235 4355 dixit,
1270 4297 1412 4347 nimis
1447 4298 1748 4362 impudenter
1773 4296 2031 4348 Caesarem
2065 4301 2315 4347 versatum
2351 4314 2456 4349 esse
2490 4299 2545 4348 in
2580 4297 2988 4362 reprehendendo
3014 4296 3103 4346 Ca·

775 4387 889 4433 tone
925 4398 1029 4431 suo.
