3499 5219
1684 422 1819 428 —-
1905 387 2029 452 272
2124 381 2247 429 ---·‘

1147 555 1269 616 Καὶ
1317 549 1608 633 Κίκροπά
1652 547 1815 637 φασ’
1862 545 2106 615 ἄνωθεν
2149 549 2377 658 ἀνδρὸς
2417 549 2581 630 σῶμ’
2631 549 2784 630 ἔχειν

1146 638 1350 721 Μέχρι
1395 644 1518 700 τῶν
1560 642 1845 717 κοχωνῶν
1886 637 1963 699 τὰ
2010 638 2076 699 δὲ
2120 633 2401 699 κάτωθεν
2444 637 2760 712 θυννοὸοὕ,

794 759 919 825 nisi
974 760 1201 825 melius
1258 767 1355 826 est
1410 758 1759 824 θυννιδῶν.
1861 759 2029 823 Nam
2083 758 2355 825 Athenis
2410 758 2756 843 etiamnum
2814 761 3152 840 superstes

796 869 893 927 est
935 868 1146 927 statua
1190 861 1488 946 Cecropis
1533 861 1886 927 desinentis
1928 860 1996 925 in
2042 859 2202 927 duos
2245 861 2479 944 pisces,

1779 1046 2151 1112 Cratetis.

796 1205 858 1249 v.
908 1180 1273 1268 Κογχώνην
1316 1218 1400 1230 -
1457 1178 1592 1246 Και
1637 1180 1898 1267 Κράτης
1958 1179 2023 1246 ἐν
2079 1180 2481 1265 Σωὶαμνίοις
2536 1183 2608 1261 [
2568 1179 2858 1259 '‘auletg]
2902 1180 3150 1263 φησίν·

1192 1294 1490 1374 ’Έπαιξαν
1532 1309 1809 1404 γυναῖκες
1853 1300 1921 1360 αί
1959 1322 2020 1361 τε
2066 1295 2463 1380 ὀρχηστρίδες
2506 1297 2707 1372 καλαί,

1199 1382 1328 1446 Ἐπὶ
1375 1392 1660 1464 κοχωνῶν
1703 1381 1814 1457 τὰς
1859 1385 2070 1466 τρίχας
2113 1382 2490 1462 καθειμέναι.

797 1507 1208 1573 Duebnerus:

1064 1620 1366 1696 ’Έπαιξαν
1409 1611 1517 1684 ουν
1560 1628 1682 1705 (vel
1725 1619 1872 1705 αρα)
1915 1623 2142 1705 γυμναὶ
2192 1619 2381 1681 καλαί
2416 1615 2479 1682 τ’
2528 1616 2882 1703 ὀρχηστίδες

1078 1703 1206 1769 Ἐπὶ
1255 1714 1378 1769 τῶν
1420 1731 1547 1787 nox.

799 1829 1100 1895 Fortasse
1142 1828 1405 1893 melius:

1213 1948 1503 2018 Γυναῖκες
1544 1943 1814 2019 ἕπαιξαν,
1861 1941 1925 2004 αἱ
1969 1945 2155 2005 καλαί
2193 1940 2253 2004 τ’
2303 1939 2697 2025 ὀρχηστρίδες

1206 2029 1335 2091 Ἐπὶ
1381 2037 1503 2092 τῶν
1546 2056 1599 2092 κ.

1754 2198 2189 2264 Menandri.

800 2357 862 2401 v.
914 2318 1309 2418 ’ὁδαξυσμοὶ
1368 2328 1408 2418 ἢ
1464 2328 1863 2415 ἆδαξυσμοί·
1939 2333 2005 2398 ἐν
2060 2356 2199 2398 τισι
2267 2330 2388 2416 γὰρ
2448 2326 2866 2417 ἀντιγράφων
2937 2325 3144 2407 οὕτως

805 2432 1104 2519 εὕρομεν·
1167 2436 1291 2502 εἶσὶ
1338 2436 1459 2521 γὰρ
1503 2437 1777 2520 κνησμοὶ
1820 2429 1967 2517 μετ’
2020 2435 2400 2521 ἔρεθισμοῦ,
2463 2429 2552 2511 ὦς
2596 2435 2700 2499 καὶ
2749 2431 3142 2514 Μένανδρος

804 2538 871 2604 ἐν
916 2540 1185 2623 Πλοκίῳ
1231 2534 1464 2624 φησίν·

1064 2656 1154 2718 Τὸ
1197 2654 1283 2739 μὴ
1326 2657 1440 2730 τὰς
1483 2658 1725 2762 τρίχας
1737 2659 1928 2739 αι’ρων
1969 2662 2099 2741 (sic)
2147 2657 2252 2722 καὶ
2296 2657 2403 2720 τὸν
2445 2654 2640 2740 ρύπον
2683 2654 2895 2727 διδοὺς

1060 2749 1256 2813 Πιεΐν,
1305 2738 1642 2816 ἀνεὸἔξατο
1674 2737 1832 2806 ὥστε
1875 2742 1960 2824 μὴ
2007 2750 2177 2805 πιεῖν.

805 2869 894 2940 In,
925 2888 987 2932 v.
1034 2870 1093 2930 2.
1152 2864 1648 2947 Darembergius
1692 2865 1855 2929 vidit
1899 2859 2264 2947 ἅνηδαξᾶτο
2308 2863 2653 2946 legendum
2700 2884 2877 2949 esse;
2935 2866 3142 2931 Dueb-

804 2989 1025 3050 uerus,
1083 2966 1190 3051 qui
1236 2966 1317 3033 de
1358 2967 1569 3051 priore
1610 2986 1800 3032 versu
1844 2966 2234 3032 restituendo
2281 2966 2677 3049 desperavit,
2735 2967 2827 3031 sic
2871 2967 3139 3032 correxit

804 3073 1073 3137 alterum
1091 3093 1105 3134 :

2136 3165 2238 3229 διὰ
2282 3165 2390 3230 τὸν
2432 3163 2639 3250 ῥύπον,
2686 3168 2897 3242 διδοὺς

1058 3258 1239 3318 Πιεῖν
1282 3249 1357 3314 ἂν
1395 3249 1682 3333 &ougast
1730 3249 1878 3333 [ἔμ’]
1926 3277 2080 3315 ωστε
2122 3252 2209 3333 μὴ
2256 3261 2428 3314 πιεῖν.

808 3375 965 3440 Mihi
1007 3375 1075 3438 in
1118 3379 1396 3439 mentem
1440 3373 1646 3437 venit:

1207 3493 1312 3573 Τῷ
1357 3487 1466 3561 τὰς
1509 3490 1719 3571 τρίχας
1761 3488 1879 3594 μὴ
1895 3488 2113 3596 ὁρῶντι
2159 3490 2265 3552 τὸν
2307 3487 2500 3574 ρύπον
2545 3490 2758 3564 διδούς

1198 3579 1398 3651 Πιεῒν,
1443 3572 1797 3654 ἇνηδαξᾶθ’
1846 3600 1930 3651 ος,
1978 3571 2133 3638 ὥστε
2176 3575 2262 3657 μὴ
2309 3583 2481 3638 πιεῖν.

809 3696 1033 3762 Simile
1088 3703 1185 3762 est
1239 3695 1414 3779 apud
1458 3696 1958 3779 Aristophanem
2009 3698 2077 3761 in
2133 3696 2487 3778 fragmento
2531 3697 3017 3762 Daetalensium
3061 3698 3142 3762 X.

811 3800 1070 3881 (Bergk.
1117 3817 1219 3880 ap.
1265 3799 1660 3864 Meinekium
1702 3798 1928 3881 fragm.
1975 3796 2148 3863 Com.
2197 3799 2281 3862 II.
2327 3819 2388 3881 p.
2441 3800 2648 3874 1029.)

1340 3913 1377 3994 ἢ
1416 3912 1681 3994 χονὸρὸν
1724 3914 1895 3991 ἕψων
1938 3910 2066 3977 εἶτα
2108 3923 2298 3996 μυῖαν
2341 3913 2629 3995 ἐμβαλῶν

1345 3999 1551 4061 ἐδίδου
1593 3997 1810 4082 ῥοφεῖν
1853 3996 1948 4077 ἄν,

811 4122 934 4186 Pro
979 4140 1214 4203 musca,
1262 4137 1423 4203 quae
1466 4121 1570 4187 hic
1612 4123 1848 4188 iniecta
1890 4125 2068 4205 potui
2111 4122 2383 4206 fingitur,
2429 4129 2500 4187 ut
2537 4140 2847 4187 nauseam
2876 4132 3145 4220 moveat²

810 4223 1019 4288 crines
1063 4222 1277 4288 nescio
1324 4241 1511 4304 quem
1539 4224 1940 4307 ingerentum
1970 4226 2200 4309 poculo
2230 4225 2490 4292 finxisse
2520 4226 2773 4294 videtur
2799 4227 3151 4292 Menander

811 4324 1039 4406 quibus
1097 4323 1303 4390 subito
1362 4324 1513 4388 dum
1568 4327 1730 4391 bibit
1789 4327 1951 4392 alter
2005 4329 2362 4411 conspectis
2423 4328 2588 4395 adeo
2656 4328 3008 4413 cohorruit,
3083 4336 3151 4395 ut
