3499 5219
1659 411 2141 473 -3—

1029 584 1228 661 Atque
1270 582 1528 642 humeris
1573 580 1788 641 cedens
1830 579 2113 658 adpulsas
2157 578 2377 656 excipit
2421 578 2629 655 undas,

1122 671 1202 731 Et
1241 670 1406 729 natat
1448 664 1680 745 infusis,
1724 669 1786 724 et
1826 669 2023 731 tamen
2068 668 2228 725 extat
2270 662 2461 741 aquis,

1030 755 1129 816 Sic
1172 772 1283 831 ego
1328 771 1438 812 ceu
1482 751 1682 829 pelagi
1725 751 1985 828 spatioso
2028 750 2090 810 in
2133 749 2368 827 gurgite
2412 753 2618 807 vectus

1124 837 1387 900 Obrutus
1430 836 1651 897 insanis
1694 836 1911 912 navigo
1956 838 2119 894 tutus
2162 834 2352 912 aquis,

1028 925 1175 985 Alas
1218 924 1388 999 larga
1432 922 1611 981 dabat
1652 921 1834 981 vestis
1878 920 2176 980 succincta
2218 919 2478 979 natanti:

1122 1011 1292 1069 Mens
1332 1026 1555 1067 memor
1595 1007 1782 1066 exiles
1822 1005 1977 1065 tollit
2018 1005 2094 1065 ad
2139 1009 2298 1069 astra
2339 1021 2573 1063 manus:

1029 1097 1154 1156 Iam
1195 1111 1385 1171 prope
1429 1095 1771 1169 stagnantes
1816 1093 2143 1151 cataractas
2187 1092 2392 1167 raptus
2437 1088 2512 1148 ad
2556 1087 2733 1148 imum

1126 1180 1394 1256 Vergere
1438 1178 1695 1254 cogebar
1736 1176 1995 1237 massula
2038 1194 2225 1254 parva
2265 1174 2510 1234 vadum:

1030 1264 1223 1325 Prolis
1268 1281 1468 1323 amans
1511 1265 1740 1340 spectat
1782 1260 2053 1338 lugubris
2094 1260 2157 1319 in
2200 1277 2422 1337 aggere
2467 1262 2672 1337 mater,

1124 1348 1412 1425 Quodque
1456 1350 1672 1426 potest,
1715 1347 1965 1406 tremulo
2011 1345 2269 1422 concipit
2310 1362 2414 1404 ore
2454 1361 2698 1420 preces:

1029 1435 1169 1495 Mox
1212 1451 1413 1493 amens
1458 1433 1632 1492 etiam
1674 1432 1813 1491 dum
1856 1450 1919 1491 se
1965 1431 2222 1491 declinat
2258 1431 2320 1489 in
2364 1448 2608 1507 amnem,

1124 1519 1451 1579 Nititurvet
1489 1521 1734 1578 mortem
1776 1520 1962 1576 morte
2008 1534 2220 1575 cavere
2263 1514 2433 1574 mihi:

1031 1607 1198 1666 Vnus
1241 1606 1300 1665 et
1340 1604 1401 1667 is
1433 1603 1625 1665 medio
1670 1602 1937 1663 assiliens
1981 1620 2056 1661 ex
2098 1600 2334 1663 turbine
2376 1600 2544 1676 vulgi

1058 1744 1061 1749 .
1123 1690 1233 1750 Est
1272 1707 1455 1751 ausus
1498 1687 1711 1747 misero
1757 1687 1967 1746 dexter
2010 1686 2217 1746 adesse
2261 1685 2432 1745 mihi:

1032 1774 1142 1834 Ille
1185 1774 1326 1834 mihi
1368 1773 1618 1832 tendens
1662 1776 1992 1850 porrectam
2040 1791 2114 1831 ex
2159 1790 2380 1848 aggere
2424 1771 2711 1847 dextram,

1121 1858 1474 1936 Ambiguam
1518 1858 1673 1918 rexit
1716 1876 1863 1916 voce
1908 1875 2202 1932 manuque
2247 1856 2434 1915 viam:

1030 1945 1108 2004 Et
1148 1944 1385 2004 tandem
1428 1942 1743 2002 adductum
1788 1941 2059 2002 caelestis
2102 1942 2177 2001 ab
2221 1941 2452 2018 agmine
2494 1941 2704 2000 turbae

1123 2028 1402 2089 Reddidit
1444 2048 1478 2088 e
1521 2028 1726 2088 mediis
1770 2046 1862 2087 me
1904 2027 2031 2106 tibi,
2075 2031 2280 2105 mater,
2324 2025 2512 2102 aquis.

1033 2113 1122 2175 Sit
1161 2115 1333 2191 bene,
1376 2114 1454 2173 sit
1498 2113 1689 2174 fausto
1733 2113 1864 2191 tibi,
1905 2113 1957 2173 si
1998 2113 2167 2172 modo
2211 2112 2381 2190 vivis»,
2427 2112 2501 2172 ab
2545 2111 2664 2170 alto

1124 2198 1220 2258 Ad
1261 2200 1381 2261 tale
1425 2199 1583 2258 haud
1627 2198 1864 2259 humilis
1905 2215 2069 2258 mens
2110 2197 2216 2257 tibi
2259 2196 2422 2257 venit
2466 2214 2633 2274 opus.

906 2368 1044 2433 Hoc
1102 2367 1338 2431 factum
1396 2386 1537 2431 esse
1581 2365 2059 2447 Longisalissae
2115 2363 2463 2430 indicatum
2521 2369 2618 2429 ost
2672 2363 2740 2427 in
2798 2361 3084 2445 margine

737 2469 1035 2537 editionis
1079 2467 1573 2550 Stigelianorum
1617 2474 1981 2552 poematum
2025 2467 2429 2531 novissimae.
2503 2462 2823 2530 Fincelius
2867 2465 3084 2548 paullo

736 2572 924 2638 aliter
966 2592 1100 2638 rem
1142 2571 1426 2636 narravit
1468 2569 1538 2634 in
1582 2570 1869 2636 oratione
1913 2569 2167 2653 saepius
2210 2567 2493 2634 laudata.
2578 2568 2945 2650 „Recitabo‚
2992 2568 3084 2632 in-

737 2674 890 2757 quit,
937 2674 1268 2740 historiam
1311 2673 1791 2738 memorabilem
1838 2673 1919 2736 de
1961 2670 2212 2737 insidiis
2259 2670 2515 2751 diaboli,
2563 2670 2790 2753 quibus
2819 2690 3084 2753 puerum

736 2774 1001 2841 vixdum
1044 2776 1297 2840 trimum
1342 2794 1378 2840 e
1422 2774 1634 2839 medio
1678 2776 1906 2839 tollere
1950 2779 2213 2838 conatus
2253 2778 2368 2837 est.
2428 2773 2633 2837 Mater
2660 2772 2931 2855 Stigelii,
2977 2772 3087 2855 pia

739 2884 803 2944 et
843 2878 1115 2943 honesta
1156 2883 1466 2958 matrona,
1514 2896 1679 2957 quae
1721 2895 1892 2940 nunc
1936 2893 2186 2957 quoque
2229 2881 2550 2959 superstes
2594 2881 2709 2956 est,
2755 2883 2889 2939 tum
2933 2881 3085 2940 tem-

737 2980 911 3063 poris
954 3000 1095 3044 cum
1139 2978 1365 3044 marito
1403 2978 1665 3043 vivebat
1690 2977 1763 3042 in
1793 2977 2030 3061 oppido
2060 2973 2453 3059 Thuringiae
2484 2976 2728 3061 Saltza3
2773 2977 2864 3041 ibi
2894 2996 3083 3059 quum

739 3080 821 3147 de
862 3101 1056 3162 more,
1107 3081 1177 3145 in
1220 3079 1662 3164 superstitiosa
1701 3079 1820 3150 illa
1860 3078 2171 3160 religione
2213 3079 2545 3162 papistica‚
2593 3085 2960 3162 properaret
3002 3078 3087 3143 ad

734 3181 971 3249 missae
1014 3182 1508 3248 celebrationem
1525 3232 1542 3265 ‚
1618 3202 1811 3265 quam
1853 3200 2190 3264 perperam
2239 3179 2613 3245 sacrificium
2672 3182 3088 3247 nominabant

738 3290 929 3368 atque
957 3283 1226 3348 fulcrum
1257 3285 1585 3364 ecclesiae,
1632 3282 1898 3347 filiolum
1927 3303 2123 3347 manu
2153 3281 2541 3365 prehensum
2570 3282 2657 3347 ad
2690 3284 3083 3363 coenobium,

739 3384 911 3468 quod
955 3392 1136 3450 extra
1180 3384 1487 3468 oppidum
1531 3386 1719 3449 situm
1766 3391 1861 3449 est
1876 3432 1892 3465 ,
1940 3382 2218 3448 adducit.
2306 3384 2478 3449 Pons
2520 3384 2612 3449 ibi
2654 3392 2887 3452 stratus
2930 3393 3083 3468 erat,

737 3488 807 3551 in
851 3506 976 3570 quo
1022 3485 1172 3551 dum
1202 3486 1514 3570 caespitat
1556 3507 1732 3569 puer,
1779 3506 2088 3570 praeceps
2128 3487 2198 3550 in
2239 3484 2474 3552 flumen
2507 3485 2839 3570 delabitur,
2885 3496 3086 3554 matre

739 3588 1201 3672 propemodum
1231 3589 1598 3656 exanimata
1623 3594 1886 3671 propter
1913 3589 2511 3670 consternationem,
2554 3588 2901 3674 fuissetque
2930 3612 3088 3676 puer

741 3690 1083 3756 suffocatus
1125 3689 1195 3753 in
1237 3689 1456 3771 undis,
1531 3689 1655 3755 nisi
1698 3690 1922 3755 consul
1966 3690 2102 3755 eius
2145 3689 2366 3773 oppidi
2411 3702 2448 3755 e
2491 3690 2761 3772 vestigio
2813 3709 3087 3771 sequens

739 3792 880 3875 ipse
933 3791 1003 3855 in
1058 3789 1265 3856 undas
1324 3790 1738 3857 descenderet
1793 3810 2185 3874 puerumque
2228 3792 2665 3857 -extraheret.“
2764 3792 3086 3858 Hactenus

742 3892 1084 3973 Fincelius,
1131 3893 1240 3974 qui
1282 3892 1501 3976 paullo
1543 3893 1985 3959 vehementius
2028 3893 2218 3959 tibias
2262 3892 2482 3958 inflare
2526 3894 2707 3959 solet.

912 3994 1107 4059 Porro
1180 3994 1389 4078 ipsum
1462 3994 1795 4059 audiamus
1867 3994 2201 4077 Stigelium
2273 3995 2341 4059 in
2414 3994 2641 4062 eadem
2715 3996 2925 4079 elegia
2995 3996 3085 4062 sic

742 4102 1150 4180 pergentem:

1048 4268 1170 4327 Iam
1215 4267 1353 4326 mihi
1394 4268 1714 4328 florescens
1758 4268 1926 4329 annis
1969 4269 2252 4329 maturior
2294 4273 2457 4330 aetas

1131 4352 1404 4412 Liberior
1448 4352 1654 4430 spatiis
1698 4357 1979 4432 coeperat
2022 4353 2107 4414 ire
2153 4354 2291 4433 suis,
