3499 5219
1211 417 1778 479 ——207—-

321 585 411 653 ad
453 587 653 651 vitam
694 585 989 665 futuram,
1035 590 1166 648 tum
1210 583 1394 648 multi
1437 583 1629 648 etiam
1672 583 2060 670 philosophi,
2106 604 2370 668 quorum
2415 594 2666 654 senten·

321 688 479 754 tiam
522 694 750 772 postea
789 686 1066 752 refutare
1108 685 1321 751 conati
1362 690 1511 750 sunt
1551 684 1598 749 ii
1640 684 2040 769 philosophi,
2087 688 2195 769 qui
2238 707 2280 752 a
2320 688 2662 757 Plutarcho

324 789 691 879 (Symposio
722 788 832 868 IV,
881 789 944 865 3)
991 786 1143 852 dicti
1186 782 1559 851 ἔλπιστικοί
1603 782 1857 871 (ὥσπερ
1903 785 1968 851 οἱ
2013 795 2665 871 προσαγορευθέντες

324 889 700 956 ἓλπιστικοὶ
774 885 1167 978 φιλόσοφοι)
1239 908 1370 954 11011
1441 895 2015 955 commemorantur
2084 891 2169 955 ab
2239 890 2418 973 aliis,
2494 893 2665 974 quod

322 1013 541 1059 sclam.

496 1094 827 1160 Initiorum
870 1098 1082 1158 autem
1126 1098 1310 1157 erant
1352 1089 1477 1155 duo
1521 1109 1765 1173 genera
1808 1091 1984 1176 apud
2028 1093 2337 1177 Graecos,
2393 1096 2661 1180 publiea,

321 1198 367 1263 i.
413 1217 469 1264 e.
512 1217 556 1262 a
595 1195 959 1261 civitatibus
1000 1193 1157 1277 ipsis
1199 1192 1456 1277 publice
1503 1192 1895 1275 introducta,
1954 1195 2152 1260 sacris
2207 1196 2667 1264 sacerdotibus-

323 1320 452 1384 que
505 1297 807 1364 institutis
820 1345 838 1378 ,
896 1295 1273 1378 legibusque
1326 1294 1575 1359 sancita
1588 1342 1604 1370 ‚
1665 1302 1730 1360 et
1777 1295 2032 1379 privata
2087 1316 2250 1380 quae
2304 1318 2347 1363 a
2399 1299 2665 1382 privatis

322 1401 690 1467 hominibus
715 1397 1132 1464 tradebantur
1159 1395 1444 1480 privatis.
1487 1395 1839 1479 Vtrumque
1859 1416 2064 1480 genus
2092 1400 2416 1482 propriam
2445 1420 2666 1484 seque-

323 1505 515 1569 batur
555 1500 1029 1583 cosmogoniam
1072 1517 1115 1563 a
1156 1498 1475 1564 communi
1515 1498 1841 1564 homerica
1880 1498 2278 1582 aliquantum
2322 1500 2663 1585 diversam,

324 1622 636 1687 suamque
663 1602 747 1668 de
774 1600 1118 1667 conditone
1143 1601 1498 1665 animarum
1527 1607 1675 1683 post
1698 1605 1967 1665 mortem
1996 1604 2398 1668 sententiam.
2453 1604 2668 1671 Publi-

323 1725 542 1771 corum
569 1703 917 1788 praecipua
945 1720 1222 1784 vereque
1254 1707 1526 1783 augusta
1554 1708 1739 1767 erant
1768 1702 2108 1775 Eleusinia,
2155 1723 2319 1786 quae
2349 1704 2664 1790 Cererem,

322 1806 777 1889 Proserpinam
831 1811 897 1869 et
937 1804 1289 1886 Bacchum,
1348 1802 1663 1869 inferioris
1718 1802 1960 1870 ordinis
2014 1803 2169 1872 deos
2219 1806 2290 1871 in
2343 1807 2664 1874 homerico

324 1908 762 1995 mythologiae
819 1910 1167 1990 systemate
1182 1953 1199 1987 ,
1255 1910 1559 1988 tanquam
1612 1905 1971 1988 superiores
2026 1906 2307 1972 omnium
2365 1915 2429 1975 et
2483 1909 2665 1992 quasi

322 2009 803 2092 cosmogonicos
845 2007 1056 2085 colere
1096 2006 1435 2088 iusserunt,
1481 2005 1652 2089 quod
1692 2006 1839 2089 ipsa
1873 2008 2081 2070 Tellus
2123 2009 2188 2086 (i.
2218 2028 2274 2074 e.
2305 2008 2663 2111 Δημήτηρ),

325 2134 470 2181 011111
519 2111 771 2177 Baccho
826 2109 1127 2175 frumenti
1184 2114 1248 2174 et
1303 2107 1439 2172 vini
1495 2108 1912 2191 procreatrix,
1973 2129 2090 2192 per
2145 2110 2665 2193 agricolationem

326 2222 393 2283 et
433 2212 793 2279 vindemias
834 2210 1126 2276 homines
1168 2208 1255 2275 ad
1296 2229 1516 2277 veram
1566 2209 2028 2276 humanitatem
2085 2213 2441 2280 excoluisse
2493 2213 2667 2281 vide-

325 2318 516 2383 batur
559 2322 622 2382 et
663 2313 1127 2394 vindicavisse,
1189 2312 1505 2394 simulque
1546 2311 1827 2394 imagine
1870 2312 2132 2378 seminis
2147 2362 2164 2395 ,
2223 2315 2416 2382 sulcis
2459 2317 2666 2383 terrae

327 2417 679 2497 commissi,
741 2423 805 2480 et
861 2414 946 2479 ad
1003 2413 1332 2480 laetiorem
1389 2413 1589 2478 vitam
1632 2422 1861 2496 postea
1902 2420 2207 2496 tanquam
2251 2435 2332 2482 ex
2374 2418 2666 2501 sepulcro

326 2517 742 2599 renascentis,
786 2517 1129 2581 utebantur
1170 2513 1256 2580 ad
1300 2513 1863 2580 demonstrandam
1914 2516 2185 2583 similem
2227 2519 2482 2584 animae
2524 2527 2668 2603 post

327 2629 595 2689 mortem
649 2619 1192 2686 resurrectionem.
1279 2618 1428 2684 Non
1467 2618 1677 2682 minus
1718 2618 1965 2684 nobilia
2007 2626 2190 2684 erant
2234 2618 2669 2686 Samothracia

328 2732 393 2792 et
435 2723 731 2793 Lemnia,
777 2741 941 2803 quae
982 2720 1159 2802 anis
1200 2719 1499 2785 elementi
1543 2720 1674 2784 vim
1716 2728 2064 2803 posuerunt
2104 2721 2514 2805 praecipuam
2556 2725 2664 2806 ita,

329 2833 399 2892 ut
453 2825 759 2887 Vulcanus
815 2842 957 2888 cum
1012 2840 1210 2887 uxore
1255 2820 1483 2886 Cabiro
1542 2819 1804 2886 deorum
1860 2823 2440 2905 cosmogonicorum
2489 2825 2667 2890 fami-

325 2928 483 2993 liam
524 2926 859 3006 ducerent,
921 2921 1003 2989 de
1061 2923 1289 3006 quibus
1344 2942 1514 2988 nunc
1570 2942 1702 2987 non
1762 2923 2047 2989 dicimus.
2144 2923 2275 2990 Sed
2331 2926 2523 2991 etiam
2586 2926 2667 2992 de

330 3028 697 3095 conditione
752 3032 1140 3091 mortuorum
1197 3030 1390 3107 atque
1433 3023 1515 3090 de
1557 3024 1790 3090 mentis
1833 3024 2152 3091 humanae
2195 3026 2669 3094 immortalitate

329 3128 713 3197 sententiam
755 3132 1104 3211 posuerunt
1146 3126 1409 3210 antiqua
1451 3127 1646 3208 longe
1689 3126 2085 3192 nobiliorem.

499 3231 773 3293 Privata
827 3248 980 3294 vero
1036 3228 1222 3293 initia
1277 3248 1390 3294 seu
1437 3228 1744 3313 mysteria
1786 3228 1856 3292 in
1900 3229 2264 3294 universum
2306 3228 2477 3294 dicta
2519 3238 2668 3295 sunt

336 3331 638 3418 Orphica,
707 3351 972 3414 quorum
1030 3331 1205 3413 origo
1261 3349 1469 3412 neque
1525 3329 1611 3395 ad
1668 3336 1908 3396 certum
1965 3330 2285 3414 quendam
2343 3331 2664 3397 hominem

326 3442 521 3517 atque
562 3432 935 3514 magistrum
987 3430 1299 3517 Orpheum
1355 3431 1624 3513 dictum,
1684 3450 1895 3513 neque
1950 3431 2034 3496 ad
2092 3439 2331 3497 certum
2388 3433 2664 3517 aliquem

325 3537 537 3602 locum
577 3533 799 3601 referri
841 3540 1072 3616 potest.
1160 3531 1484 3617 Orpheum
1528 3535 1697 3599 enim
1742 3554 1873 3598 non
1916 3533 2155 3599 vixisse
2200 3532 2501 3600 docuerat
2528 3536 2665 3601 Ari-

326 3637 610 3718 stoteles,
655 3635 832 3702 cuius
873 3634 1101 3702 studiis
1139 3636 1280 3701 sine
1323 3635 1517 3700 dubio
1561 3633 2008 3700 confidendum
2053 3635 2171 3700 erit
2184 3637 2246 3711 ¹).

466 3858 501 3914 ¹)
538 3857 670 3908 Vsus
705 3872 815 3906 sum
851 3855 1108 3906 Ciceronis
1157 3855 1309 3906 verbo
1354 3856 1418 3906 de
1462 3860 1566 3906 nat.
1615 3855 1692 3905 de.
1728 3856 1774 3915 1,
1819 3855 1917 3915 38„
1967 3853 2026 3903 de
2073 3870 2171 3918 quo
2216 3854 2328 3904 loco
2364 3872 2408 3904 v.
2443 3856 2665 3910 Lobeck.

328 3942 578 4009 Aglaoph.
615 3956 669 4007 p.
690 3942 805 3992 340.
865 3940 1175 3990 Monendum
1208 3945 1285 3991 est
1319 3943 1452 3991 enim
1480 3939 1773 3990 Ciceronem
1809 3938 1974 3989 dicere
2011 3939 2232 3990 docuisse
2264 3940 2319 3990 id
2346 3941 2666 3992 Aristotelem

328 4029 367 4079 i.
404 4044 445 4077 e.
487 4027 799 4092 argumentis
833 4024 1199 4090 comprobasse.
1269 4024 1434 4080 Quare
1468 4026 1530 4076 E.
1570 4023 1879 4075 Gerhardius
1926 4023 1970 4073 si
2005 4025 2080 4072 ita
2113 4022 2265 4074 refert
2299 4024 2360 4074 de
2395 4027 2665 4076 Aristotele

329 4110 517 4177 (Ueber
552 4110 782 4177 Orpheus
828 4110 935 4160 und
980 4110 1061 4160 die
1097 4110 1364 4176 Orphiker.
1417 4110 1582 4160 Berol.
1625 4111 1772 4162 1861:
1816 4124 1867 4173 p.
1904 4110 2001 4169 9.);
2051 4128 2116 4159 an
2163 4110 2249 4162 des
2288 4110 2513 4176 Orpheus
2547 4112 2667 4162 Per-

326 4198 618 4250 sanlichkeit
649 4197 747 4248 soll
775 4197 924 4248 sehon
948 4196 1236 4247 Aristoteles
1268 4196 1533 4262 qezweaejfelt
1568 4196 1739 4257 haben,
1778 4192 2036 4244 Ciceronis
2066 4193 2411 4244 testimonium
2437 4195 2666 4260 paullum

325 4283 554 4334 invertit.
625 4279 755 4331 Nam
790 4297 891 4331 non
929 4280 1184 4331 dubitavit
1217 4280 1278 4330 de
1312 4281 1407 4330 hac
1443 4296 1496 4330 re
1532 4278 1798 4344 Stagirita,
1835 4277 1920 4329 sed
1956 4282 2091 4328 certo
2125 4279 2484 4344 pronunciavit
2517 4293 2665 4343 argu-

326 4367 514 4417 mentis
551 4364 760 4430 additis,
793 4381 894 4416 non
933 4364 1159 4416 extitisse
1195 4364 1464 4429 Orpheum.
2516 4358 2521 4365 ’
