3499 5219
1669 456 2234 517 ——100—

775 631 1021 710 culum,
1081 628 1272 710 quale
1328 623 1549 705 hodie,
1610 643 1753 689 cum
1795 623 2082 706 principe
2127 621 2456 702 defuncto,
2516 621 2858 705 sepulchro
2900 618 3121 684 condi·

777 750 937 812 mus,
982 729 1216 796 reverti
1257 725 1606 810 aliquando
1648 726 1984 791 voluerint.

948 832 1081 914 Ipsi
1147 830 1364 896 statim
1430 828 1682 894 natales
1748 827 2055 910 principis
2122 826 2323 893 nostri
2376 825 2559 908 quasi
2611 825 2942 908 auspicato
2995 824 3119 888 hoc

776 933 1151 1002 alimonium
1193 937 1525 998 testantur.
1613 930 1782 996 Nam
1824 948 2048 995 recens
2088 936 2310 993 natum
2355 926 2551 993 filium
2582 925 2797 992 Caroli
2824 926 3114 1009 Augusti,

775 1035 1123 1103 conditoris
1167 1034 1353 1098 huius
1395 1032 1653 1114 saeculi,
1707 1031 2065 1114 periculoso
2102 1032 2417 1112 augustae
2457 1026 2678 1095 matris
2721 1035 2908 1112 partu
2953 1027 3117 1094 adeo

775 1137 1076 1218 fractum,
1140 1142 1210 1200 ut
1252 1134 1439 1199 morti
1481 1132 1805 1200 videretur
1845 1133 2104 1216 propior
2147 1152 2289 1199 esse
2345 1151 2534 1213 quam
2587 1131 2792 1211 vitae,
2845 1129 3119 1196 Herderi

777 1239 994 1305 uxoris
1048 1235 1469 1318 infatigabilis
1523 1242 1587 1301 et
1639 1255 1850 1319 paene
1890 1234 2162 1300 nutricia
2203 1253 2385 1316 cura,
2445 1233 2771 1317 insperato
2815 1252 2856 1297 a
2896 1231 3118 1297 limine

775 1341 997 1406 mortis
1040 1338 1383 1405 revocavit.
1469 1336 1674 1416 Quem
1719 1337 2024 1420 deinceps
2066 1335 2391 1402 Herderus
2433 1334 2604 1419 ipse,
2662 1352 2859 1401 verae
2897 1333 3118 1399 huma·

775 1441 996 1508 nitatis
1051 1441 1216 1506 altor
1271 1440 1681 1522 liberalisque
1735 1437 2063 1521 religionis
2125 1443 2434 1519 assertor,
2509 1442 2729 1502 sancto
2792 1436 3120 1517 religionis
3188 1477 3193 1483 -
3239 1435 3244 1438 ’

776 1549 1034 1610 nostrae
1088 1542 1212 1607 ritu
1266 1541 1644 1607 Christianis
1696 1540 2058 1625 adscripsit.
2157 1538 2299 1618 Qua
2357 1539 2694 1605 occasione
2747 1538 3119 1604 concionem

774 1644 1031 1727 habuit,
1088 1662 1280 1726 quam
1335 1642 1436 1708 his
1489 1642 1646 1726 ipsis
1699 1642 1928 1708 diebus
1981 1661 2218 1725 magna
2271 1661 2413 1707 cum
2456 1640 2656 1706 animi
2697 1640 3120 1707 commotione

774 1745 1138 1828 relegimus.
1238 1744 1408 1810 Nam
1435 1741 1635 1826 'quod
1686 1751 1822 1809 tum
1876 1765 1920 1808 a
1973 1764 2219 1809 summo
2276 1743 2397 1811 deo
2460 1749 2755 1828 precatus
2811 1747 2911 1808 est
2962 1740 3120 1807 Her-

778 1846 997 1927 derus,
1064 1845 1382 1912 veridicus
1437 1846 1752 1929 interpres
1810 1845 1944 1928 dei,
2011 1846 2361 1929 populique
2415 1844 2762 1928 germanici
2819 1842 3118 1909 sacerdos

773 1948 1247 2031 integerrimus,
1303 1946 1373 2012 id
1414 1948 1708 2013 evenisse
1751 1967 1938 2029 sane,
1995 1948 2188 2012 hodie
2241 1947 2366 2030 ipsi
2408 1953 2715 2013 testamur
2755 1952 2911 2012 ante
2952 1964 3117 2011 sere-

773 2049 1023 2116 nissimi
1076 2049 1406 2133 principis‘
1434 2070 1689 2132 rogum,
1748 2050 1856 2133 qui
1912 2056 2045 2114 tam
2098 2049 2377 2115 fucatam
2431 2047 2868 2115 adulationem
2924 2068 3115 2131 quam

773 2150 1081 2217 humilem
1123 2149 1618 2217 mendacitatem
1644 2169 1948 2235 respuere
1988 2151 2167 2218 iubet
2207 2151 2473 2216 cordata
2513 2154 2791 2234 pectora.

948 2250 1001 2317 Ο
1046 2252 1217 2319 bone
1259 2251 1438 2335 deuS,
1481 2252 1706 2334 inquit,
1758 2253 2069 2318 novitium
2112 2252 2283 2318 hunc
2325 2253 2643 2318 surculum
2687 2252 2901 2335 stirpis
2943 2252 3122 2317 nobi·

779 2353 1081 2435 lissimae‚
1139 2354 1577 2436 probissimae,
1636 2355 2105 2438 integerrimae,
2163 2355 2258 2420 ita
2299 2357 2400 2419 Tu
2441 2355 2603 2420 velis
2644 2354 2826 2436 tueri,
2874 2361 2944 2419 ut
2985 2360 3117 2419 tam

776 2452 963 2520 flores
1020 2455 1268 2521 emittat
1320 2456 1779 2539 pulcherrimos
1835 2477 2025 2540 quam
2080 2456 2317 2521 fructus
2371 2457 2763 2522 immortales
2806 2456 3115 2539 proferat!

779 2557 881 2622 Tu
925 2557 1094 2622 enim
1137 2557 1416 2641 voluisti,
1459 2564 1529 2623 ut
1569 2558 1638 2623 in
1681 2558 1827 2624 sinu
1867 2565 2236 2628 nasceretur
2268 2558 2573 2643 familiae,
2616 2559 2823 2643 gloria
2848 2559 3122 2642 insignis

776 2665 1145 2743 atavorum,
1203 2679 1367 2741 quae
1424 2659 1507 2724 de
1561 2660 1859 2727 libertate
1916 2663 2148 2727 mentis
2206 2663 2558 2742 humanae,
2621 2661 2704 2726 de
2756 2661 3122 2743 Germania,

779 2759 863 2827 de
904 2759 1160 2825 fortuna
1200 2760 1450 2844 patriae
1504 2761 1947 2828 immortaliter
2001 2782 2322 2847 peraeque
2376 2764 2625 2828 meruit.
2714 2763 2893 2829 Haec
2950 2765 3121 2829 enim

777 2861 1101 2928 Saxonica
1142 2882 1302 2945 gens
1342 2862 1704 2929 libertatem
1748 2884 2076 2946 nunquam
2118 2866 2521 2949 compressit,
2567 2885 2896 2948 nunquam
2937 2866 3007 2930 in
3050 2884 3122 2931 se

778 2963 1039 3030 admisit
1081 2965 1289 3030 scelus
1330 2964 1437 3030 vel
1480 2965 1849 3048 cupiditatis
1889 2967 2144 3033 alienae
2187 2967 2628 3050 possessionis,
2679 2973 2761 3048 et,
2806 2988 3001 3051 quum
3045 2987 3122 3034 eo

778 3073 1159 3149 perventum
1200 3072 1371 3131 esset
1411 3086 1622 3132 rerum
1659 3066 1947 3150 decursu,
1989 3076 2061 3132 ut
2091 3069 2333 3152 optima
2359 3068 2833 3151 iustissimaque
2862 3069 3121 3135 caderet

779 3187 993 3247 causa,
1037 3187 1170 3231 non
1212 3187 1328 3250 pro
1373 3167 1504 3233 suis
1545 3167 1895 3234 commodis
1938 3168 2056 3235 sed
2098 3190 2214 3253 pro
2256 3170 2588 3253 religione,
2642 3191 2758 3253 pro
2800 3171 3117 3253 libertate,

778 3290 895 3352 pro
939 3268 1208 3334 veritate
1250 3268 1494 3335 fortiter
1534 3269 1905 3336 occubuisse
1946 3271 2223 3337 dicenda
2266 3279 2381 3337 est.
2469 3274 2568 3336 'Pu
2609 3272 2832 3355 igitur,
2879 3292 2917 3337 o
2961 3274 3120 3339 lucis

778 3389 1098 3452 veraeque
1138 3370 1456 3436 libertatis
1498 3378 1715 3454 pater,
1776 3371 1909 3453 fac,
1969 3378 2038 3440 ut
2095 3373 2243 3438 huic
2298 3372 2573 3456 principi
2620 3374 2967 3441 iuventutis
3011 3375 3122 3439 ali·

779 3470 1040 3554 quando
1083 3489 1169 3537 ne
1211 3490 1293 3537 ea
1334 3472 1565 3554 desint,
1609 3492 1776 3554 quae
1819 3481 2035 3557 patres
2064 3474 2202 3540 eius
2230 3481 2614 3557 meruerunt,
2659 3473 2820 3542 fides
2850 3483 2914 3542 et
2940 3497 3118 3542 amor

782 3572 1035 3656 populi,
1092 3572 1227 3655 fac,
1287 3579 1355 3638 ut
1410 3574 1661 3641 animus
1716 3575 2028 3641 Friderici
2083 3576 2406 3659 Sapientis
2423 3624 2439 3657 ,
2497 3577 2764 3643 Ioannis
2814 3577 3123 3644 Friderici

783 3673 1178 3755 Magnanimi
1233 3681 1299 3740 et
1350 3676 1711 3742 Bernhardi
1782 3696 1926 3742 eum
1998 3677 2262 3762 dirigat,
2335 3678 2438 3743 fac
2509 3685 2577 3742 ut
2648 3679 2849 3763 patris
2910 3678 3124 3745 Caroli

781 3775 1055 3858 Augusti
1118 3775 1496 3843 fortissimus
1553 3799 1733 3845 amor
1789 3780 2075 3846 veritatis
2090 3829 2106 3862 ,
2181 3787 2249 3845 ut
2316 3799 2469 3846 vere
2539 3783 2737 3846 aurea
2807 3780 3122 3848 modestia

782 3876 1004 3942 matris
1046 3878 1215 3960 eius,
1274 3877 1615 3946 Carolinae
1657 3880 2056 3962 Ludovicae,
2113 3882 2182 3946 in
2222 3901 2301 3947 eo
2345 3902 2428 3948 ne
2472 3882 2960 3964 exstinguantur
3003 3883 3121 3950 sed

783 3978 1014 4044 laetius
1055 3978 1222 4046 adeo
1264 3982 1682 4048 reviviscant!

945 4079 1160 4159 Quam
1189 4081 1460 4148 Herderi
1501 4086 1937 4167 precationem
1978 4091 2169 4168 atque
2212 4084 2753 4167 exspectationem
2797 4106 2927 4151 non
2959 4086 3126 4151 frau-

785 4182 977 4249 dasse
1040 4181 1447 4252 CAROLUM
1502 4186 2071 4268 FRIDERIOUM,
2144 4186 2362 4269 piique
2433 4187 2622 4252 simul
2695 4207 2771 4253 ac
2844 4188 3127 4272 religiosi

781 4285 982 4352 animi
1024 4285 1445 4368 egregiaeque
1487 4287 1840 4353 modestiae
1879 4288 2140 4354 laudem
2183 4287 2307 4352 sibi
2349 4309 2615 4371 parasse
2662 4288 2792 4354 iam
2838 4291 2923 4356 ea'
2961 4309 3126 4355 com-

784 4388 1218 4470 probaverunt
1290 4387 1627 4455 sollemnia
1641 4438 1657 4472 ,
1761 4390 2018 4473 quibus,
2106 4387 2394 4456 Herdero
2465 4399 2831 4474 praesente,
2934 4390 3127 4458 fidem
