<?xml version="1.0" encoding="UTF-8"?>
<!DOCTYPE html PUBLIC "-//W3C//DTD XHTML 1.0 Transitional//EN"
    "http://www.w3.org/TR/xhtml1/DTD/xhtml1-transitional.dtd">
<html xmlns="http://www.w3.org/1999/xhtml" xml:lang="en" lang="en">
 <head>
  <title>
</title>
<meta http-equiv="Content-Type" content="text/html;charset=utf-8" />
  <meta name='ocr-system' content='tesseract 3.04.00' />
  <meta name='ocr-capabilities' content='ocr_page ocr_carea ocr_par ocr_line ocrx_word'/>
</head>
<body>
  <div class='ocr_page' id='page_1' title='image "./opusculaacademi00goetgoog_0154.png"; bbox 0 0 3499 5219; ppageno 0'>
   <div class='ocr_carea' id='block_1_1' title="bbox 1053 1515 2852 1600">
    <p class='ocr_par' dir='ltr' id='par_1_1' title="bbox 1053 1515 2852 1600">
     <span class='ocr_line' id='line_1_1' title="bbox 1053 1515 2852 1600; baseline 0.002 -18"><span class='ocrx_word' id='word_1_1' title='bbox 1053 1515 1861 1585; x_wconf 85' lang='lat' dir='ltr'>COMMENTARIOLVM</span> <span class='ocrx_word' id='word_1_2' title='bbox 1903 1520 2023 1584; x_wconf 89' lang='lat' dir='ltr'>DE</span> <span class='ocrx_word' id='word_1_3' title='bbox 2067 1518 2428 1586; x_wconf 88' lang='lat' dir='ltr'><strong>HORATII</strong></span> <span class='ocrx_word' id='word_1_4' title='bbox 2470 1518 2606 1586; x_wconf 91' lang='lat' dir='ltr'>OD.</span> <span class='ocrx_word' id='word_1_5' title='bbox 2653 1522 2703 1600; x_wconf 89' lang='grc' dir='ltr'>Ι,</span> <span class='ocrx_word' id='word_1_6' title='bbox 2751 1524 2852 1585; x_wconf 87' lang='grc'>30.</span> 
     </span>
    </p>
   </div>
   <div class='ocr_carea' id='block_1_2' title="bbox 1313 1919 2599 2594">
    <p class='ocr_par' dir='ltr' id='par_1_2' title="bbox 1313 1919 2599 2594">
     <span class='ocr_line' id='line_1_2' title="bbox 1314 1919 2471 2003; baseline 0.003 -23"><span class='ocrx_word' id='word_1_7' title='bbox 1314 1919 1365 1980; x_wconf 90' lang='grc' dir='ltr'><strong>Ο</strong></span> <span class='ocrx_word' id='word_1_8' title='bbox 1409 1921 1632 1998; x_wconf 86' lang='lat' dir='ltr'>Venus,</span> <span class='ocrx_word' id='word_1_9' title='bbox 1677 1920 1887 1997; x_wconf 86' lang='lat' dir='ltr'>regina</span> <span class='ocrx_word' id='word_1_10' title='bbox 1930 1921 2098 1981; x_wconf 83' lang='lat' dir='ltr'>Cnidi</span> <span class='ocrx_word' id='word_1_11' title='bbox 2142 1921 2471 2003; x_wconf 87' lang='lat' dir='ltr'>Paphique‚</span> 
     </span>
     <span class='ocr_line' id='line_1_3' title="bbox 1315 2005 2574 2088; baseline 0.003 -23"><span class='ocrx_word' id='word_1_12' title='bbox 1315 2005 1540 2082; x_wconf 77' lang='lat' dir='ltr'>Sperne</span> <span class='ocrx_word' id='word_1_13' title='bbox 1585 2006 1859 2065; x_wconf 79' lang='lat' dir='ltr'>dilectam</span> <span class='ocrx_word' id='word_1_14' title='bbox 1905 2006 2146 2084; x_wconf 83' lang='lat' dir='ltr'>Cypron</span> <span class='ocrx_word' id='word_1_15' title='bbox 2192 2012 2250 2067; x_wconf 91' lang='lat' dir='ltr'>et</span> <span class='ocrx_word' id='word_1_16' title='bbox 2291 2008 2574 2088; x_wconf 82' lang='lat' dir='ltr'>vocantis,</span> 
     </span>
     <span class='ocr_line' id='line_1_4' title="bbox 1313 2091 2459 2167; baseline 0.002 -16"><span class='ocrx_word' id='word_1_17' title='bbox 1313 2091 1475 2151; x_wconf 83' lang='lat' dir='ltr'>&#39;Pure</span> <span class='ocrx_word' id='word_1_18' title='bbox 1518 2096 1576 2151; x_wconf 89' lang='lat' dir='ltr'>te</span> <span class='ocrx_word' id='word_1_19' title='bbox 1621 2092 1803 2151; x_wconf 89' lang='lat' dir='ltr'>multo</span> <span class='ocrx_word' id='word_1_20' title='bbox 1848 2092 2141 2167; x_wconf 80' lang='lat' dir='ltr'>Glycerae</span> <span class='ocrx_word' id='word_1_21' title='bbox 2185 2093 2459 2153; x_wconf 82' lang='lat' dir='ltr'>decoram</span> 
     </span>
     <span class='ocr_line' id='line_1_5' title="bbox 1436 2176 2092 2237; baseline 0 0"><span class='ocrx_word' id='word_1_22' title='bbox 1436 2176 1725 2237; x_wconf 79' lang='lat' dir='ltr'>Transfer</span> <span class='ocrx_word' id='word_1_23' title='bbox 1767 2177 1827 2236; x_wconf 90' lang='lat' dir='ltr'>in</span> <span class='ocrx_word' id='word_1_24' title='bbox 1870 2178 2092 2237; x_wconf 88' lang='lat' dir='ltr'>aedem.</span> 
     </span>
     <span class='ocr_line' id='line_1_6' title="bbox 1313 2262 2378 2339; baseline 0.003 -20"><span class='ocrx_word' id='word_1_25' title='bbox 1313 2262 1603 2321; x_wconf 84' lang='lat' dir='ltr'>Fervidus</span> <span class='ocrx_word' id='word_1_26' title='bbox 1645 2266 1840 2321; x_wconf 85' lang='lat' dir='ltr'>tecum</span> <span class='ocrx_word' id='word_1_27' title='bbox 1882 2281 2032 2339; x_wconf 89' lang='lat' dir='ltr'>puer</span> <span class='ocrx_word' id='word_1_28' title='bbox 2070 2268 2129 2323; x_wconf 91' lang='lat' dir='ltr'>et</span> <span class='ocrx_word' id='word_1_29' title='bbox 2173 2262 2378 2323; x_wconf 91' lang='lat' dir='ltr'>solutis</span> 
     </span>
     <span class='ocr_line' id='line_1_7' title="bbox 1313 2347 2599 2426; baseline 0.001 -19"><span class='ocrx_word' id='word_1_30' title='bbox 1313 2347 1552 2407; x_wconf 84' lang='lat' dir='ltr'>Gratiae</span> <span class='ocrx_word' id='word_1_31' title='bbox 1595 2347 1758 2407; x_wconf 89' lang='lat' dir='ltr'>zonis</span> <span class='ocrx_word' id='word_1_32' title='bbox 1799 2352 2240 2424; x_wconf 88' lang='lat' dir='ltr'>properentque</span> <span class='ocrx_word' id='word_1_33' title='bbox 2283 2348 2599 2426; x_wconf 87' lang='lat' dir='ltr'>Nymphae</span> 
     </span>
     <span class='ocr_line' id='line_1_8' title="bbox 1313 2432 2459 2510; baseline 0.003 -20"><span class='ocrx_word' id='word_1_34' title='bbox 1313 2432 1390 2490; x_wconf 92' lang='lat' dir='ltr'>Et</span> <span class='ocrx_word' id='word_1_35' title='bbox 1432 2450 1642 2510; x_wconf 90' lang='lat' dir='ltr'>parum</span> <span class='ocrx_word' id='word_1_36' title='bbox 1685 2433 1865 2492; x_wconf 88' lang='lat' dir='ltr'>comis</span> <span class='ocrx_word' id='word_1_37' title='bbox 1910 2433 2036 2492; x_wconf 91' lang='lat' dir='ltr'>sine</span> <span class='ocrx_word' id='word_1_38' title='bbox 2078 2438 2136 2492; x_wconf 91' lang='lat' dir='ltr'>te</span> <span class='ocrx_word' id='word_1_39' title='bbox 2181 2435 2459 2493; x_wconf 86' lang='lat' dir='ltr'>Iuventas</span> 
     </span>
     <span class='ocr_line' id='line_1_9' title="bbox 1716 2518 2183 2594; baseline 0.004 -19"><span class='ocrx_word' id='word_1_40' title='bbox 1716 2518 2183 2594; x_wconf 81' lang='lat' dir='ltr'>Mercuriusque.</span> 
     </span>
    </p>
   </div>
   <div class='ocr_carea' id='block_1_3' title="bbox 1126 2628 2771 2757">
    <p class='ocr_par' dir='ltr' id='par_1_3' title="bbox 1126 2628 2771 2757">
     <span class='ocr_line' id='line_1_10' title="bbox 1126 2628 2771 2757; baseline 0 2462"><span class='ocrx_word' id='word_1_41' title='bbox 1126 2628 2771 2757; x_wconf 95' lang='lat' dir='ltr'> </span> 
     </span>
    </p>
   </div>
   <div class='ocr_carea' id='block_1_4' title="bbox 774 2918 3120 4429">
    <p class='ocr_par' dir='ltr' id='par_1_4' title="bbox 774 2918 3120 4429">
     <span class='ocr_line' id='line_1_11' title="bbox 949 2918 3117 3002; baseline 0.001 -17"><span class='ocrx_word' id='word_1_42' title='bbox 949 2920 1094 3002; x_wconf 83' lang='lat' dir='ltr'>⁷‚Ad</span> <span class='ocrx_word' id='word_1_43' title='bbox 1134 2919 1495 2987; x_wconf 89' lang='lat' dir='ltr'>Venerem“</span> <span class='ocrx_word' id='word_1_44' title='bbox 1538 2921 1733 3002; x_wconf 84' lang='lat' dir='ltr'>vulgo</span> <span class='ocrx_word' id='word_1_45' title='bbox 1777 2919 2141 2984; x_wconf 81' lang='lat' dir='ltr'>inscribitur</span> <span class='ocrx_word' id='word_1_46' title='bbox 2183 2918 2305 2984; x_wconf 93' lang='lat' dir='ltr'>hoc</span> <span class='ocrx_word' id='word_1_47' title='bbox 2346 2920 2635 2985; x_wconf 90' lang='lat' dir='ltr'>odarium</span> <span class='ocrx_word' id='word_1_48' title='bbox 2679 2921 2926 2987; x_wconf 87' lang='lat' dir='ltr'>Horatii</span> <span class='ocrx_word' id='word_1_49' title='bbox 2973 2920 3117 3002; x_wconf 90' lang='lat' dir='ltr'>(Od.</span> 
     </span>
     <span class='ocr_line' id='line_1_12' title="bbox 778 3018 3119 3108; baseline 0.001 -21"><span class='ocrx_word' id='word_1_50' title='bbox 778 3024 829 3104; x_wconf 87' lang='lat'>1,</span> <span class='ocrx_word' id='word_1_51' title='bbox 878 3025 1004 3099; x_wconf 88' lang='lat'>30.)</span> <span class='ocrx_word' id='word_1_52' title='bbox 1049 3029 1243 3106; x_wconf 80' lang='lat' dir='ltr'>atque</span> <span class='ocrx_word' id='word_1_53' title='bbox 1285 3018 1616 3108; x_wconf 79' lang='grc' dir='ltr'><em>ᾇσμάτιον</em></span> <span class='ocrx_word' id='word_1_54' title='bbox 1661 3021 1855 3087; x_wconf 85' lang='lat' dir='ltr'>etiam</span> <span class='ocrx_word' id='word_1_55' title='bbox 1897 3019 2208 3108; x_wconf 73' lang='grc' dir='ltr'><strong><em>κλητικόν</em></strong></span> <span class='ocrx_word' id='word_1_56' title='bbox 2252 3041 2395 3087; x_wconf 80' lang='lat' dir='ltr'>esse</span> <span class='ocrx_word' id='word_1_57' title='bbox 2437 3021 2684 3106; x_wconf 83' lang='lat' dir='ltr'>dicitur,</span> <span class='ocrx_word' id='word_1_58' title='bbox 2730 3024 2912 3106; x_wconf 85' lang='lat' dir='ltr'>quasi</span> <span class='ocrx_word' id='word_1_59' title='bbox 2941 3024 3119 3089; x_wconf 88' lang='lat' dir='ltr'>inani</span> 
     </span>
     <span class='ocr_line' id='line_1_13' title="bbox 778 3123 3117 3208; baseline 0 -17"><span class='ocrx_word' id='word_1_60' title='bbox 778 3124 1091 3191; x_wconf 88' lang='lat' dir='ltr'>eiusmodi</span> <span class='ocrx_word' id='word_1_61' title='bbox 1132 3124 1545 3207; x_wconf 84' lang='lat' dir='ltr'>inscriptione</span> <span class='ocrx_word' id='word_1_62' title='bbox 1587 3124 1937 3207; x_wconf 88' lang='lat' dir='ltr'>additoque</span> <span class='ocrx_word' id='word_1_63' title='bbox 1977 3123 2241 3206; x_wconf 90' lang='lat' dir='ltr'>insuper</span> <span class='ocrx_word' id='word_1_64' title='bbox 2278 3143 2510 3205; x_wconf 88' lang='lat' dir='ltr'>graeco</span> <span class='ocrx_word' id='word_1_65' title='bbox 2538 3125 2754 3208; x_wconf 90' lang='lat' dir='ltr'>aliquo</span> <span class='ocrx_word' id='word_1_66' title='bbox 2783 3126 3117 3208; x_wconf 76' lang='lat' dir='ltr'>vocabulo,</span> 
     </span>
     <span class='ocr_line' id='line_1_14' title="bbox 777 3225 3120 3311; baseline 0.001 -19"><span class='ocrx_word' id='word_1_67' title='bbox 777 3226 954 3292; x_wconf 90' lang='lat' dir='ltr'>cuius</span> <span class='ocrx_word' id='word_1_68' title='bbox 1014 3227 1232 3291; x_wconf 91' lang='lat' dir='ltr'>nullus</span> <span class='ocrx_word' id='word_1_69' title='bbox 1288 3226 1392 3291; x_wconf 92' lang='lat' dir='ltr'>hic</span> <span class='ocrx_word' id='word_1_70' title='bbox 1443 3226 1624 3292; x_wconf 89' lang='lat' dir='ltr'>locus</span> <span class='ocrx_word' id='word_1_71' title='bbox 1674 3232 1801 3308; x_wconf 87' lang='lat' dir='ltr'>est,</span> <span class='ocrx_word' id='word_1_72' title='bbox 1857 3245 1961 3290; x_wconf 92' lang='lat' dir='ltr'>res</span> <span class='ocrx_word' id='word_1_73' title='bbox 2016 3226 2158 3309; x_wconf 91' lang='lat' dir='ltr'>ipsa</span> <span class='ocrx_word' id='word_1_74' title='bbox 2209 3225 2290 3290; x_wconf 92' lang='lat' dir='ltr'>de</span> <span class='ocrx_word' id='word_1_75' title='bbox 2345 3245 2472 3308; x_wconf 90' lang='lat' dir='ltr'>qua</span> <span class='ocrx_word' id='word_1_76' title='bbox 2523 3227 2732 3309; x_wconf 90' lang='lat' dir='ltr'>agitur</span> <span class='ocrx_word' id='word_1_77' title='bbox 2785 3229 3120 3311; x_wconf 86' lang='lat' dir='ltr'>explanari</span> 
     </span>
     <span class='ocr_line' id='line_1_15' title="bbox 779 3326 3114 3412; baseline 0.001 -20"><span class='ocrx_word' id='word_1_78' title='bbox 779 3334 1014 3412; x_wconf 88' lang='lat' dir='ltr'>posset.</span> <span class='ocrx_word' id='word_1_79' title='bbox 1114 3328 1263 3393; x_wconf 92' lang='lat' dir='ltr'>Non</span> <span class='ocrx_word' id='word_1_80' title='bbox 1315 3329 1563 3393; x_wconf 90' lang='lat' dir='ltr'>minore</span> <span class='ocrx_word' id='word_1_81' title='bbox 1620 3329 1792 3393; x_wconf 90' lang='lat' dir='ltr'>enim</span> <span class='ocrx_word' id='word_1_82' title='bbox 1847 3328 1985 3392; x_wconf 92' lang='lat' dir='ltr'>iure</span> <span class='ocrx_word' id='word_1_83' title='bbox 2035 3326 2297 3393; x_wconf 89' lang='lat' dir='ltr'>inscribi</span> <span class='ocrx_word' id='word_1_84' title='bbox 2351 3328 2555 3410; x_wconf 89' lang='lat' dir='ltr'>potuit</span> <span class='ocrx_word' id='word_1_85' title='bbox 2610 3328 2739 3410; x_wconf 86' lang='lat' dir='ltr'>„ad</span> <span class='ocrx_word' id='word_1_86' title='bbox 2794 3330 3114 3411; x_wconf 84' lang='lat' dir='ltr'>Amorem,</span> 
     </span>
     <span class='ocr_line' id='line_1_16' title="bbox 777 3429 3118 3515; baseline 0.001 -21"><span class='ocrx_word' id='word_1_87' title='bbox 777 3430 864 3494; x_wconf 90' lang='lat' dir='ltr'>ad</span> <span class='ocrx_word' id='word_1_88' title='bbox 908 3430 1165 3495; x_wconf 84' lang='lat' dir='ltr'>Gratias</span> <span class='ocrx_word' id='word_1_89' title='bbox 1179 3479 1196 3512; x_wconf 86' lang='lat'>,</span> <span class='ocrx_word' id='word_1_90' title='bbox 1243 3430 1328 3495; x_wconf 91' lang='lat' dir='ltr'>ad</span> <span class='ocrx_word' id='word_1_91' title='bbox 1370 3430 1738 3515; x_wconf 86' lang='lat' dir='ltr'>Nymphas,</span> <span class='ocrx_word' id='word_1_92' title='bbox 1784 3429 1871 3494; x_wconf 89' lang='lat' dir='ltr'>ad</span> <span class='ocrx_word' id='word_1_93' title='bbox 1914 3430 2278 3512; x_wconf 84' lang='lat' dir='ltr'>Iuventam,</span> <span class='ocrx_word' id='word_1_94' title='bbox 2334 3429 2419 3493; x_wconf 91' lang='lat' dir='ltr'>ad</span> <span class='ocrx_word' id='word_1_95' title='bbox 2461 3430 2904 3513; x_wconf 86' lang='lat' dir='ltr'>Mercurium“‚</span> <span class='ocrx_word' id='word_1_96' title='bbox 2954 3451 3118 3514; x_wconf 91' lang='lat' dir='ltr'>quae</span> 
     </span>
     <span class='ocr_line' id='line_1_17' title="bbox 777 3530 3118 3616; baseline 0.001 -20"><span class='ocrx_word' id='word_1_97' title='bbox 777 3532 1042 3597; x_wconf 90' lang='lat' dir='ltr'>numina</span> <span class='ocrx_word' id='word_1_98' title='bbox 1082 3551 1403 3615; x_wconf 89' lang='lat' dir='ltr'>peraeque</span> <span class='ocrx_word' id='word_1_99' title='bbox 1445 3533 1829 3598; x_wconf 88' lang='lat' dir='ltr'>allectantur</span> <span class='ocrx_word' id='word_1_100' title='bbox 1871 3552 1913 3596; x_wconf 92' lang='lat' dir='ltr'>a</span> <span class='ocrx_word' id='word_1_101' title='bbox 1955 3537 2146 3614; x_wconf 90' lang='lat' dir='ltr'>poeta</span> <span class='ocrx_word' id='word_1_102' title='bbox 2179 3530 2248 3595; x_wconf 94' lang='lat' dir='ltr'>in</span> <span class='ocrx_word' id='word_1_103' title='bbox 2278 3531 2534 3595; x_wconf 90' lang='lat' dir='ltr'>domum</span> <span class='ocrx_word' id='word_1_104' title='bbox 2563 3530 2900 3615; x_wconf 88' lang='lat' dir='ltr'>Glycerae.</span> <span class='ocrx_word' id='word_1_105' title='bbox 2965 3534 3118 3616; x_wconf 89' lang='lat' dir='ltr'>Ipsa</span> 
     </span>
     <span class='ocr_line' id='line_1_18' title="bbox 777 3632 3117 3718; baseline 0.001 -21"><span class='ocrx_word' id='word_1_106' title='bbox 777 3639 992 3698; x_wconf 86' lang='lat' dir='ltr'>tamen</span> <span class='ocrx_word' id='word_1_107' title='bbox 1033 3632 1305 3699; x_wconf 90' lang='lat' dir='ltr'>ridicula</span> <span class='ocrx_word' id='word_1_108' title='bbox 1345 3635 1468 3699; x_wconf 91' lang='lat' dir='ltr'>hac</span> <span class='ocrx_word' id='word_1_109' title='bbox 1510 3633 1954 3716; x_wconf 87' lang='lat' dir='ltr'>inscriptione,</span> <span class='ocrx_word' id='word_1_110' title='bbox 2011 3651 2053 3696; x_wconf 91' lang='lat' dir='ltr'>a</span> <span class='ocrx_word' id='word_1_111' title='bbox 2094 3632 2311 3698; x_wconf 89' lang='lat' dir='ltr'>nescio</span> <span class='ocrx_word' id='word_1_112' title='bbox 2355 3652 2479 3716; x_wconf 90' lang='lat' dir='ltr'>quo</span> <span class='ocrx_word' id='word_1_113' title='bbox 2522 3639 2729 3699; x_wconf 89' lang='lat' dir='ltr'>terrae</span> <span class='ocrx_word' id='word_1_114' title='bbox 2770 3633 2900 3699; x_wconf 91' lang='lat' dir='ltr'>filio</span> <span class='ocrx_word' id='word_1_115' title='bbox 2943 3632 3117 3718; x_wconf 91' lang='lat' dir='ltr'>apud</span> 
     </span>
     <span class='ocr_line' id='line_1_19' title="bbox 781 3733 3116 3818; baseline 0 -18"><span class='ocrx_word' id='word_1_116' title='bbox 781 3734 1123 3816; x_wconf 83' lang='lat' dir='ltr'>Oruquium</span> <span class='ocrx_word' id='word_1_117' title='bbox 1179 3735 1537 3818; x_wconf 87' lang='lat' dir='ltr'>proposita,</span> <span class='ocrx_word' id='word_1_118' title='bbox 1596 3735 1665 3799; x_wconf 91' lang='lat' dir='ltr'>in</span> <span class='ocrx_word' id='word_1_119' title='bbox 1723 3755 1870 3801; x_wconf 88' lang='lat' dir='ltr'>eum</span> <span class='ocrx_word' id='word_1_120' title='bbox 1927 3753 2203 3800; x_wconf 88' lang='lat' dir='ltr'>errorem</span> <span class='ocrx_word' id='word_1_121' title='bbox 2258 3733 2555 3800; x_wconf 90' lang='lat' dir='ltr'>inductus</span> <span class='ocrx_word' id='word_1_122' title='bbox 2611 3740 2708 3800; x_wconf 88' lang='lat' dir='ltr'>est</span> <span class='ocrx_word' id='word_1_123' title='bbox 2762 3734 3116 3802; x_wconf 82' lang='lat' dir='ltr'>Hofmanus</span> 
     </span>
     <span class='ocr_line' id='line_1_20' title="bbox 777 3835 3116 3920; baseline 0 -18"><span class='ocrx_word' id='word_1_124' title='bbox 777 3836 1266 3920; x_wconf 87' lang='lat' dir='ltr'>Peerlkampius</span> <span class='ocrx_word' id='word_1_125' title='bbox 1310 3837 1740 3918; x_wconf 85' lang='lat' dir='ltr'>doctissimus,</span> <span class='ocrx_word' id='word_1_126' title='bbox 1801 3843 1872 3901; x_wconf 90' lang='lat' dir='ltr'>ut</span> <span class='ocrx_word' id='word_1_127' title='bbox 1914 3855 2185 3910; x_wconf 73' lang='lat' dir='ltr'>⁸carmen</span> <span class='ocrx_word' id='word_1_128' title='bbox 2238 3835 2575 3918; x_wconf 92' lang='lat' dir='ltr'>indignum</span> <span class='ocrx_word' id='word_1_129' title='bbox 2630 3843 2920 3904; x_wconf 87' lang='lat' dir='ltr'>censeret</span> <span class='ocrx_word' id='word_1_130' title='bbox 2975 3857 3116 3904; x_wconf 87' lang='lat' dir='ltr'>esse</span> 
     </span>
     <span class='ocr_line' id='line_1_21' title="bbox 776 3937 3115 4022; baseline -0 -18"><span class='ocrx_word' id='word_1_131' title='bbox 776 3939 960 4004; x_wconf 90' lang='lat' dir='ltr'>Musa</span> <span class='ocrx_word' id='word_1_132' title='bbox 1015 3938 1368 4003; x_wconf 90' lang='lat' dir='ltr'>Horatiana</span> <span class='ocrx_word' id='word_1_133' title='bbox 1422 3939 1524 4004; x_wconf 91' lang='lat' dir='ltr'>his</span> <span class='ocrx_word' id='word_1_134' title='bbox 1580 3938 1827 4004; x_wconf 86' lang='lat' dir='ltr'>verbis:</span> <span class='ocrx_word' id='word_1_135' title='bbox 1901 3937 2132 4019; x_wconf 86' lang='lat' dir='ltr'>„Exile</span> <span class='ocrx_word' id='word_1_136' title='bbox 2196 3942 2258 4002; x_wconf 91' lang='lat' dir='ltr'>et</span> <span class='ocrx_word' id='word_1_137' title='bbox 2315 3937 2597 4003; x_wconf 89' lang='lat' dir='ltr'>ieiunum</span> <span class='ocrx_word' id='word_1_138' title='bbox 2652 3945 3115 4022; x_wconf 82' lang='lat' dir='ltr'>argumentum.</span> 
     </span>
     <span class='ocr_line' id='line_1_22' title="bbox 778 4031 3117 4124; baseline 0 -17"><span class='ocrx_word' id='word_1_139' title='bbox 778 4042 1004 4123; x_wconf 87' lang='lat' dir='ltr'>Neque</span> <span class='ocrx_word' id='word_1_140' title='bbox 1036 4039 1391 4122; x_wconf 83' lang='lat' dir='ltr'>explicatur</span> <span class='ocrx_word' id='word_1_141' title='bbox 1419 4060 1615 4123; x_wconf 90' lang='lat' dir='ltr'>quare</span> <span class='ocrx_word' id='word_1_142' title='bbox 1642 4040 1864 4106; x_wconf 87' lang='lat' dir='ltr'>veniat</span> <span class='ocrx_word' id='word_1_143' title='bbox 1893 4038 2111 4105; x_wconf 91' lang='lat' dir='ltr'>Venus</span> <span class='ocrx_word' id='word_1_144' title='bbox 2155 4044 2266 4103; x_wconf 92' lang='lat' dir='ltr'>aut</span> <span class='ocrx_word' id='word_1_145' title='bbox 2307 4057 2450 4103; x_wconf 90' lang='lat' dir='ltr'>cum</span> <span class='ocrx_word' id='word_1_146' title='bbox 2493 4045 2625 4104; x_wconf 90' lang='lat' dir='ltr'>tam</span> <span class='ocrx_word' id='word_1_147' title='bbox 2667 4031 2886 4124; x_wconf 82' lang='lat' dir='ltr'>lepido</span> <span class='ocrx_word' id='word_1_148' title='bbox 2929 4040 3117 4107; x_wconf 89' lang='lat' dir='ltr'>comi·</span> 
     </span>
     <span class='ocr_line' id='line_1_23' title="bbox 776 4140 3117 4224; baseline 0 -16"><span class='ocrx_word' id='word_1_149' title='bbox 776 4149 932 4208; x_wconf 88' lang='lat' dir='ltr'>tatu.</span> <span class='ocrx_word' id='word_1_150' title='bbox 1015 4140 1287 4207; x_wconf 81' lang='lat' dir='ltr'>Carmen</span> <span class='ocrx_word' id='word_1_151' title='bbox 1332 4162 1413 4207; x_wconf 88' lang='lat' dir='ltr'>ex</span> <span class='ocrx_word' id='word_1_152' title='bbox 1458 4142 1835 4207; x_wconf 90' lang='lat' dir='ltr'>centonibus</span> <span class='ocrx_word' id='word_1_153' title='bbox 1878 4140 2247 4205; x_wconf 89' lang='lat' dir='ltr'>Horatianis</span> <span class='ocrx_word' id='word_1_154' title='bbox 2291 4140 2776 4224; x_wconf 84' lang='lat' dir='ltr'>compositum.“</span> <span class='ocrx_word' id='word_1_155' title='bbox 2860 4141 3117 4211; x_wconf 86' lang='lat' dir='ltr'>Scilicet</span> 
     </span>
     <span class='ocr_line' id='line_1_24' title="bbox 778 4240 3117 4326; baseline -0 -16"><span class='ocrx_word' id='word_1_156' title='bbox 778 4244 1176 4310; x_wconf 87' lang='lat' dir='ltr'>occasionem</span> <span class='ocrx_word' id='word_1_157' title='bbox 1208 4241 1506 4307; x_wconf 89' lang='lat' dir='ltr'>carminis</span> <span class='ocrx_word' id='word_1_158' title='bbox 1535 4243 1797 4308; x_wconf 89' lang='lat' dir='ltr'>minime</span> <span class='ocrx_word' id='word_1_159' title='bbox 1826 4241 2152 4325; x_wconf 83' lang='lat' dir='ltr'>perspexit</span> <span class='ocrx_word' id='word_1_160' title='bbox 2179 4240 2312 4308; x_wconf 88' lang='lat' dir='ltr'>ille.</span> <span class='ocrx_word' id='word_1_161' title='bbox 2365 4242 2467 4307; x_wconf 89' lang='lat' dir='ltr'>Ex</span> <span class='ocrx_word' id='word_1_162' title='bbox 2495 4243 2638 4326; x_wconf 88' lang='lat' dir='ltr'>ipsa</span> <span class='ocrx_word' id='word_1_163' title='bbox 2665 4249 2882 4310; x_wconf 90' lang='lat' dir='ltr'>tamen</span> <span class='ocrx_word' id='word_1_164' title='bbox 2912 4243 3117 4311; x_wconf 86' lang='lat' dir='ltr'>brevi-</span> 
     </span>
     <span class='ocr_line' id='line_1_25' title="bbox 774 4341 3116 4429; baseline -0.001 -19"><span class='ocrx_word' id='word_1_165' title='bbox 774 4352 908 4412; x_wconf 89' lang='lat' dir='ltr'>tate</span> <span class='ocrx_word' id='word_1_166' title='bbox 943 4344 1099 4428; x_wconf 87' lang='lat' dir='ltr'>eius‚</span> <span class='ocrx_word' id='word_1_167' title='bbox 1146 4363 1230 4410; x_wconf 89' lang='lat' dir='ltr'>ex</span> <span class='ocrx_word' id='word_1_168' title='bbox 1256 4343 1719 4427; x_wconf 81' lang='lat' dir='ltr'>negligentiore</span> <span class='ocrx_word' id='word_1_169' title='bbox 1747 4343 2048 4429; x_wconf 83' lang='lat' dir='ltr'>rhythmo</span> <span class='ocrx_word' id='word_1_170' title='bbox 2078 4350 2142 4410; x_wconf 89' lang='lat' dir='ltr'>et</span> <span class='ocrx_word' id='word_1_171' title='bbox 2170 4363 2253 4411; x_wconf 89' lang='lat' dir='ltr'>ex</span> <span class='ocrx_word' id='word_1_172' title='bbox 2281 4363 2473 4411; x_wconf 85' lang='lat' dir='ltr'>versu</span> <span class='ocrx_word' id='word_1_173' title='bbox 2500 4350 2756 4427; x_wconf 87' lang='lat' dir='ltr'>quarto:</span> <span class='ocrx_word' id='word_1_174' title='bbox 2806 4341 3116 4429; x_wconf 77' lang='lat' dir='ltr'>Glycerae</span> 
     </span>
    </p>
   </div>
  </div>
 </body>
</html>
