3499 5219
1279 443 1330 447 -·
1403 443 1410 446 -
1503 406 1622 469 169
1713 442 1841 447 —-

561 580 662 644 De
729 576 1101 660 parentibus
1163 575 1472 656 Margitae
1544 574 1705 638 nihil
1779 572 2024 656 reperio
2096 579 2349 655 praeter
2416 571 2485 636 id
2557 573 2727 654 quod

387 681 685 746 Eustath.
732 679 817 742 ad
861 677 981 742 Od.
1027 698 1088 759 p.
1141 680 1321 757 1669,
1369 683 1448 742 47
1487 675 1679 741 dixit:
1743 679 2092 757 ΙΙΙαργίτην
2152 672 2222 751 ἐξ
2276 668 2574 754 εὐπόρων
2633 673 2725 750 είς

387 776 761 864 ὑπερβολὴν
817 777 1055 861 γονέων
1115 780 1347 862 φῦναις
1405 778 1488 842 (16
1544 784 1917 863 argumento
1973 784 2184 842 autem
2229 777 2539 860 poematis
2583 797 2727 841 oon-

389 882 699 948 sulendus
758 889 854 947 est
910 881 1182 964 primum
1239 880 1503 945 Photius
1561 881 1716 944 Lex.
1777 901 1838 943 v.
1895 875 2272 962 Μαργίτηςε
2333 876 2444 942 ἐπὶ
2506 875 2725 962 μωρίᾳ

388 982 937 1068 κωμῳδούμενος·
999 977 1071 1045 ὅν
1131 1005 1336 1065 φασιν
1386 974 1761 1068 ἀριθμῆσαι
1806 981 1923 1060 μὲν
1966 977 2053 1064 μὴ
2100 977 2311 1046 πλείω
2354 983 2484 1045 τῶν
2530 980 2729 1045 πέντε

392 1085 762 1170 δυνηθῆναι
809 1085 1062 1167 (repetit
1105 1084 1368 1149 Photius
1412 1104 1471 1147 V.
1520 1082 1942 1167 Melctiduygy
1989 1081 2246 1167 νύμφην
2295 1083 2364 1147 δὲ
2411 1076 2726 1165 ἀγόμενον

388 1186 480 1272 μὴ
556 1183 877 1271 ἅψασθαι
943 1179 1170 1269 αὐτῆς,
1248 1179 1416 1249 ἀλλὰ
1476 1191 1847 1270 φοβεῖσθαι
1921 1184 2189 1265 λέγοντα
2245 1184 2332 1270 μὴ
2393 1187 2470 1271 τῇ
2529 1181 2727 1270 μητρὶ

392 1286 592 1354 αὐτόν
641 1286 995 1371 διαβάλλῃ·
1057 1281 1313 1370 ἀγνοεῖν
1360 1287 1430 1351 δὲ
1476 1285 1734 1352 νεανίαν
1780 1285 1901 1373 ἤδη
1946 1285 2362 1371 γεγενημένον
2407 1287 2511 1351 καὶ
2559 1313 2728 1351 πυν-

392 1389 737 1455 θάνεσθαι
808 1392 922 1474 τῆς
993 1386 1236 1472 μητρὸς
1310 1387 1441 1471 εἴγε
1514 1382 1650 1453 ἀπὸ
1720 1391 1837 1452 τοῦ
1899 1381 2096 1451 αὐτοῦ
2157 1387 2410 1468 πατρὸς
2469 1386 2723 1471 ἐτέχθη.

390 1493 641 1559 Eadem
674 1492 869 1557 habet
900 1490 1151 1573 Suidas‚
1195 1492 1263 1554 111
1307 1491 1483 1556 ouius
1526 1492 1739 1556 verbis
1782 1491 1941 1555 nihil
1986 1490 2359 1555 mutandum
2403 1498 2534 1556 est:
2577 1512 2728 1555 nam

392 1596 710 1677 quaesivit
766 1594 1066 1676 Margites
1140 1613 1220 1657 ex
1291 1599 1493 1657 matre
1565 1613 1680 1657 sua
1736 1613 1823 1656 an
1880 1592 2154 1657 eundem
2211 1612 2423 1657 seeum
2481 1601 2727 1675 patrem

391 1696 721 1779 habuerit3
785 1697 915 1760 ‘alia
972 1695 1162 1760 etiam
1221 1695 1593 1759 Eustathius
1648 1693 1734 1758 ad
1778 1693 2007 1778 odyss.
2052 1695 2096 1758 1.
2142 1697 2184 1759 l.
2273 1694 2728 1759 Credulitatem

390 1799 670 1864 hominis
740 1804 919 1862 notat
974 1798 1236 1861 Lucian.
1292 1796 1573 1860 Hermot.
1640 1799 1734 1859 17.
1812 1802 1875 1859 et
1931 1797 2291 1879 philosoph.
2350 1800 2407 1861 3.
2495 1798 2727 1862 Nescio

392 1908 613 1965 tamen
667 1906 876 1963 utrum
930 1899 1092 1964 haee
1148 1899 1361 1963 omnia
1417 1917 1497 1962 ex
1551 1898 1693 1980 ipso
1736 1897 2004 1979 Margite
2060 1897 2290 1962 hausta
2345 1898 2473 1962 sint
2519 1919 2604 1963 au
2648 1918 2728 1964 ex

393 2002 866 2067 narrationibus
923 2001 1005 2065 de
1051 1999 1335 2064 Coroebo
1379 2000 1634 2082 Phryge
1687 1999 1958 2080 aliisque
2001 1999 2189 2064 fatuis
2232 2001 2432 2082 petita
2475 2000 2556 2065 de
2600 2002 2731 2082 qui-

393 2105 516 2169 bus
588 2104 819 2168 similia
891 2103 1081 2167 stulte
1154 2102 1433 2182 cogitata
1505 2107 1567 2166 et
1636 2100 1808 2164 faeta
1864 2100 2293 2182 perhibentur.
2382 2101 2457 2165 V.
2518 2102 2728 2167 Schol.

397 2206 661 2270 Lucian.
698 2207 773 2269 T.
805 2204 915 2269 IV.
960 2224 1022 2287 p.
1058 2206 1199 2266 224.
1232 2205 1361 2267 Iao.
1410 2196 1445 2265 5
1488 2202 1606 2283 μὲν
1652 2200 1980 2283 Κόροιβος
2023 2199 2242 2282 μωρός
2286 2226 2386 2278 τις
2430 2196 2729 2289 ἀπομην-

397 2306 744 2389 μονεύεται
800 2303 909 2370 καὶ
967 2299 1174 2379 οὕτως
1227 2298 1396 2368 ὥστε
1438 2312 1709 2387 γυναῖκα
1757 2296 2155 2386 ἀγαγόμενος
2196 2302 2282 2387 μὴ
2330 2330 2408 2367 αν
2454 2303 2730 2369 ελέσῚαι

401 2406 931 2493 συγκαθευδῆσαι
975 2399 1136 2490 αὐτῇ
1184 2403 1296 2469 διὰ
1338 2402 1452 2469 τὸν
1498 2403 1591 2481 εἷς
1632 2402 1747 2488 τὴν
1795 2403 2127 2486 πενθερὰν
2173 2400 2371 2469 αὐτοῦ
2404 2404 2613 2489 φόβον
2651 2442 2725 2456 -—

401 2504 436 2575 5
496 2510 567 2574 δὲ
624 2514 1003 2591 Μαργίτης,
1076 2506 1259 2571 addit
1317 2513 1569 2590 postea,
1642 2504 1866 2590 μωρὸς
1922 2531 2024 2570 και
2090 2499 2285 2584 αὐτὸς
2340 2506 2422 2571 τὰ
2478 2506 2729 2590 κύματα

396 2621 660 2697 μετρεῖν
716 2609 955 2691 ἐπιχει
934 2612 1081 2675 νῶν.
1169 2609 1307 2674 Ηο6
1362 2616 1576 2674 autem
1631 2612 1955 2691 negotium
2012 2611 2206 2693 plane
2262 2609 2543 2676 alienum
2593 2632 2732 2678 esse

396 2715 653 2781 videtur
709 2714 791 2778 ab
852 2733 959 2794 e0,
1023 2713 1160 2794 qui,
1220 2718 1289 2776 ut
1330 2711 1594 2776 Photius
1648 2712 1768 2793 ait,
1829 2732 2124 2777 numeros
2166 2712 2333 2777 ultra
2375 2714 2732 2795 quinarium

398 2839 529 2882 non
572 2820 870 2896 noverat,
931 2834 1150 2879 verum
1207 2812 1478 2878 traditur
1537 2813 1621 2877 ab
1678 2814 1824 2878 aliis
1869 2812 1951 2878 (16
1996 2812 2310 2879 Coroebo:
2371 2814 2447 2878 V.
2492 2816 2731 2881 Zenob.

398 2921 585 2985 Prov.
631 2918 740 2999 IV,
791 2920 891 2981 58.
948 2912 1123 2991 τινὲς
1180 2912 1252 2978 δὲ
1308 2916 1539 2978 τοῦτον
1598 2907 2007 3033 ἀναίσθητόν
2059 2937 2229 3000 φασι
2270 2914 2600 2999 γεγονέναι
2645 2911 2734 2993 ὡς

399 3022 507 3086 καὶ
565 3016 648 3084 τὰ
703 3015 956 3098 κύματα
1012 3018 1127 3100 τῆς
1181 3013 1529 3101 θαλάσσης
1589 3008 1982 3098 ἀριθμεῖν’).
2083 3016 2331 3082 Similia
2396 3025 2733 3083 narrantur

401 3125 485 3190 de
537 3120 876 3187 Butalione
934 3117 2022 3201 (861101.Α1·131οΡ11.1111111017.)
2078 3119 2365 3184 Melit-ide
2421 3124 2504 3198 (v.
2549 3121 2731 3185 Phot.

398 3247 449 3292 s.
493 3227 579 3302 v.)
625 3230 689 3289 et
729 3219 1153 3304 Amphistide.

571 3323 1029 3389 Verisimiliora
1070 3327 1218 3387 sunt
1252 3341 1417 3403 quae
1446 3321 1761 3387 Stobaeus
1789 3321 1960 3386 Flor.
1993 3322 2194 3404 (VIII,
2241 3344 2302 3406 p.
2338 3327 2506 3401 576.)
2536 3325 2734 3390 habet

402 3449 484 3494 ex
540 3427 765 3491 Telete
827 3424 981 3507 περὶ
1044 3418 1444 3499 εὐπαθείας·
1517 3423 1772 3506 γελοῖος
1843 3420 1965 3505 γὰρ
2041 3417 2255 3502 ὅστις,
2333 3422 2390 3487 εἰ
2449 3423 2559 3489 ἐὰν
2617 3424 2731 3490 τὸν

403 3524 621 3613 ἕτερόν
675 3548 777 3602 τις
842 3522 1199 3609 ὀφθαλμὸν
1257 3517 1594 3610 ἀποβάλῃ,
1662 3523 1892 3610 δεῆσαι
1946 3521 2055 3588 καὶ
2116 3524 2229 3589 τὸν
2289 3523 2505 3607 ἕτερον
2563 3550 2733 3612 προ-

404 3624 755 3707 σεκκόψαι,
831 3625 943 3692 ἐὰν
1018 3620 1052 3689 5
1087 3619 1217 3708 ,εἷς
1271 3624 1440 3703 ποὺς
1492 3624 1724 3703 κυλλὸς
1781 3627 1887 3690 καὶ
1945 3624 2058 3690 τὸν
2118 3625 2335 3708 ἕτερον
2394 3621 2730 3712 ἀνάπηρον

402 3735 659 3798 ποιεῖν·
733 3721 850 3792 κᾶν
909 3727 1022 3793 ἕνα
1083 3722 1321 3792 ὀδόντα
1377 3729 1482 3792 καὶ
1538 3728 1692 3804 τοὺς
1749 3725 1987 3805 ἄλλους
2050 3728 2515 3810 προσεκλέξαι·
2591 3723 2727 3795 ἀλλ’

404 3833 520 3901 ἐπὶ
573 3832 691 3914 μὲν
745 3826 992 3894 τούτων
1049 3829 1112 3894 εἲ
1162 3853 1264 3905 τις
1315 3824 1524 3907 οὕτως
1567 3829 1812 3907 οἴοιτο,
1872 3833 2237 3913 Μαργίτης.
2325 3831 2512 3896 Patet
2563 3832 2731 3897 enim

399 3954 609 4018 neque
665 3933 987 3998 hominem
1021 3929 1284 4013 fatuum
1326 3931 1521 3998 fuisse
1564 3932 1668 3998 vel
1712 3932 2061 3997 morionem
2104 3932 2467 4014 Margitem,
2528 3934 2734 4015 qualis

405 4037 724 4104 Coroebus
764 4034 913 4115 fuit,
958 4053 1165 4115 neque
1208 4053 1346 4097 611111
1390 4033 1785 4117 Eulenspieg
1745 4033 1910 4098 o·elio
1954 4039 2170 4098 nostro
2213 4034 2730 4117 comparandum,

539 4275 576 4341 ¹)
610 4269 980 4323 Proverbialem
1017 4269 1322 4318 locutionem
1357 4284 1463 4318 esse
1499 4273 1713 4319 testatur
1748 4269 1903 4319 etiam
1937 4269 2166 4320 odarium
2208 4270 2340 4335 quod
2387 4274 2464 4319 est
2507 4270 2564 4319 in
2598 4273 2730 4319 Ana·

406 4345 652 4409 fleonteis
687 4373 739 4422 p.
764 4358 881 4408 811.
917 4354 1100 4418 Bergk.
