3499 5219
1051 1517 1859 1586 COMMENTARIOLVM
1941 1517 2059 1581 DE
2134 1517 2165 1579 1
2180 1517 2241 1580 N
2254 1515 2304 1580 C
2317 1515 2374 1580 A
2390 1516 2452 1580 N
2466 1517 2522 1579 Τ
2535 1518 2593 1581 Α
2608 1519 2664 1581 Τ
2678 1520 2736 1584 Α

1478 1633 2296 1703 THESSALONICENSI.

888 1846 1154 1911 Constat
1207 1842 1670 1922 Cassandrum,
1737 1860 1955 1922 regem
2009 1839 2458 1921 Macedoniae,
2531 1848 2678 1923 post
2734 1849 3057 1924 peractam

715 1950 1054 2015 scelestam
1129 1944 1532 2030 Olympiadis
1603 1943 1962 2008 Alexandri
2038 1943 2259 2007 matris
2332 1942 2625 2024 caedem,
2714 1944 3059 2008 Thermam

717 2051 941 2116 urbem
983 2050 1374 2113 instaurasse
1418 2053 1482 2111 et
1526 2045 1782 2110 auxisse
1826 2044 2131 2109 traductis
2182 2043 2446 2125 aliquod
2489 2045 2868 2127 oppidorum
2910 2046 3064 2109 vici-

720 2173 944 2218 norum
986 2150 1244 2231 incolis,
1301 2147 1719 2231 Apolloniae,
1769 2145 2174 2228 Chalastrae,
2224 2146 2514 2226 Garesci,
2560 2148 2853 2229 Aeneae,
2900 2147 3063 2212 Cissi

718 2255 1118 2334 aliorumque
1175 2251 1495 2325 (Strabon.
1554 2249 1723 2331 Epit.
1770 2247 1928 2328 VII,
1989 2251 2116 2321 21).
2209 2248 2361 2331 Ipse
2420 2248 2782 2315 Cassander
2839 2271 3061 2312 συνοι-

719 2353 955 2439 κισμόν
999 2354 1283 2434 videtur,
1330 2359 1397 2416 ut
1441 2352 1708 2432 assolet,
1758 2349 1999 2413 dixisse
2042 2349 2210 2414 hanc
2251 2350 2480 2432 viginti
2523 2371 2638 2416 sex
2682 2351 3061 2434 oppidorum

719 2478 864 2522 cum
894 2457 1175 2520 Therma
1216 2452 1805 2531 conciliationem¹),
1851 2451 2385 2533 quemadmodum
2414 2452 2721 2537 Polybius
2765 2454 2899 2536 (IV,
2935 2457 3061 2530 33.)

721 2557 1091 2641 Megalopin
1136 2564 1199 2622 et
1240 2556 1577 2621 Messenen
1635 2553 1797 2619 dixit
1852 2553 2316 2637 synoecismos,
2377 2574 2535 2637 quas
2578 2557 3064 2641 Epaminondas

723 2679 982 2745 prorsus
1026 2658 1251 2723 eodem
1295 2658 1485 2723 modo
1529 2656 1923 2722 condiderat.
2013 2657 2262 2721 Novam
2313 2658 2534 2722 urbem
2578 2661 2835 2725 nomine
2880 2681 3064 2725 orna-

722 2763 817 2826 vit
861 2760 1392 2838 Thessalonicae,
1452 2780 1565 2825 seu
1621 2759 1831 2841 potius
1876 2759 2506 2841 Thessaloniceae2),
2565 2762 2648 2826 ab
2701 2782 2901 2827 uxore
2944 2783 3063 2826 sua

724 2863 1216 2942 Thessalonica,
1262 2861 1578 2943 Philippi,
1625 2860 1949 2944 Amyntae
1992 2860 2064 2941 f.,
2111 2859 2270 2942 filia,
2319 2880 2509 2942 quam
2552 2862 2657 2926 h-ic
2688 2865 3062 2946 ‘susceperat

724 2987 807 3032 ex
850 2964 1327 3046 consanguinea
1369 2963 1647 3045 quadam
1692 2962 1942 3027 Iasonis
1984 2962 2412 3027 Pheraeorum
2468 2966 2757 3047 tyranni,
2819 2966 3062 3029 Nicasi-

725 3068 859 3152 poli
916 3073 998 3145 (v.
1056 3066 1278 3149 Steph.
1334 3064 1409 3129 B.
1465 3086 1525 3128 v,
1586 3063 2033 3145 Θεσσαλονίκη
2093 3070 2157 3129 et
2216 3064 2402 3129 Tafel
2462 3065 2544 3130 de
2601 3068 3066 3132 Thessalonica

724 3191 788 3254 p.
833 3170 1099 3244 XXII.).
1181 3168 1327 3231 Non
1370 3168 1597 3230 mirum
1643 3173 1740 3230 est
1781 3167 1974 3247 igitur
2015 3165 2538 3232 Thessalonicam
2585 3168 2826 3248 urbem,
2874 3189 3065 3250 quam

725 3272 927 3336 voluit
984 3289 1123 3335 esse
1180 3269 1361 3350 quasi
1411 3269 1627 3350 regiae
1669 3268 2003 3351 potestatis
2046 3274 2266 3352 caput,
2327 3289 2589 3336 ornasse
2633 3269 3065 3336 Cassandrum
3106 3351 3111 3354 v

865 3542 900 3603 ¹)
935 3537 1259 3595 Συνοικὶσας
1293 3536 1367 3595 εἰς
1401 3535 1460 3589 ἓν
1494 3568 1562 3577 -
1596 3544 1646 3588 et
1681 3541 1859 3602 postea
1894 3539 2004 3586 τῶν
2040 3535 2097 3587 δὲ
2135 3543 2585 3591 συνοικισθεισῶν
2619 3558 2665 3590 κ.
2709 3558 2752 3590 τ.
2791 3537 2830 3591 ἕ.
2882 3539 3066 3589 Strabo

727 3629 761 3680 1.
798 3629 831 3678 l.
904 3627 1094 3676 Eodem
1128 3627 1277 3676 modo
1314 3625 1615 3675 Plutarchus
1650 3624 1776 3673 dicit
1812 3623 2037 3671 Athenas
2073 3625 2487 3685 συνοικισθῆναι
2524 3641 2554 3674 a
2581 3625 2786 3674 Theseo.
2840 3624 3065 3673 Tafelius

726 3714 791 3764 de
826 3712 1185 3761 Thessalonica
1218 3727 1267 3774 p.
1305 3710 1501 3760 XXIII.
1537 3714 1807 3773 postquam
1842 3706 2181 3768 Chalastram,
2216 3713 2433 3758 Aeneam
2469 3717 2520 3758 et
2555 3710 2752 3759 Cissum
2788 3711 3070 3758 nominavit

729 3800 854 3847 haec
890 3796 1114 3845 addidit:
1164 3795 1297 3856 „alia
1343 3811 1540 3859 quoque
1587 3794 1777 3859 oppida
1811 3792 1982 3842 vicina
2017 3793 2351 3845 Cassandrum
2387 3796 2441 3843 in
2479 3811 2659 3844 novam
2694 3795 2865 3846 urbem
2901 3800 3066 3843 trans·

726 3882 959 3948 posuisse
995 3879 1361 3930 Strabonianus
1397 3879 1698 3943 epitomator
1732 3881 1763 3928 l.
1802 3895 1842 3928 s.
1879 3894 1924 3928 a.
1962 3883 2201 3928 testatur:
2239 3895 2481 3943 quaenam
2519 3895 2575 3929 ea
2611 3880 2803 3930 fuerint
2836 3879 3065 3944 equidem

730 3966 955 4017 nescio.“
1023 3964 1210 4018 Tamen
1256 3965 1365 4029 ipse
1412 3964 1498 4013 ille
1541 3964 1845 4028 epitomator
1877 3965 2048 4012 omnia
2082 3980 2142 4013 ea
2174 3964 2364 4029 oppida
2399 3965 2549 4028 plane
2585 3965 2719 4014 dixit
2753 3981 2881 4029 quae
2913 3981 3068 4032 supra

728 4049 1130 4102 commemoravi.
1257 4049 1293 4109 ²)
1329 4051 1478 4098 Hanc
1506 4064 1669 4097 veram
1697 4064 1801 4098 esse
1832 4049 2054 4098 nominis
2081 4049 2306 4110 formam,
2344 4050 2686 4101 Cassandreae
2714 4051 2854 4099 urhis
2885 4066 3067 4099 nornen

732 4137 939 4199 evincit,
972 4150 1122 4200 quam
1156 4134 1277 4184 olim
1312 4134 1603 4183 Potidaeam
1639 4132 1825 4182 dictam
1854 4149 1884 4182 a
1921 4150 2012 4183 suo
2046 4135 2251 4184 nomine
2286 4135 2418 4184 idem
2442 4135 2721 4184 Cassander
2755 4135 3070 4199 nuncupavit

732 4220 1083 4283 (Cassandram
1119 4219 1285 4269 noluit
1318 4224 1525 4283 propter
1560 4223 1724 4279 omen)
1772 4217 2106 4282 similiterque
2153 4224 2458 4269 crescentem
2496 4224 2693 4268 tutatus
2729 4223 2818 4269 est.
2888 4205 3066 4267 Roma-

730 4322 912 4356 norum
960 4305 1269 4370 temporibus
1318 4320 1468 4367 quum
1504 4303 1803 4352 Macedonia
1847 4304 1900 4352 in
1950 4308 2188 4367 quattuor
2231 4309 2401 4369 partes
2437 4303 2772 4363 divideretur,
2821 4303 3069 4353 secundae

731 4392 896 4457 partis
933 4395 1104 4456 capita
1139 4394 1284 4440 erant
1318 4387 1706 4439 Thessalonicen
1741 4394 1793 4438 et
1827 4388 2137 4438 Cassandrea
2170 4390 2301 4453 (Liv.
2337 4388 2495 4452 XLV,
2533 4389 2634 4450 29).
