3499 5219
1287 358 1850 421 ——231—

396 525 488 589 ad
545 535 658 589 ora
715 529 1075 607 promovet,
1137 525 1320 606 quasi
1375 532 1722 609 potaturus.
1811 528 2018 613 Supra
2073 538 2266 615 caput
2318 532 2453 598 eius
2506 536 2728 618 aquila

395 626 580 691 volat
631 625 1014 691 testudinem
1070 625 1281 692 ferens
1335 646 1665 710 graecam,
1723 629 1767 694 i.
1827 649 1883 696 e.
1943 636 2110 698 testa
2162 653 2294 699 non
2348 633 2549 715 laevi,
2606 637 2724 703 sed

395 727 675 792 tessellis
731 727 1070 812 polygonis
1136 726 1341 811 iisque
1395 730 1900 812 prominentibus
1953 733 2268 817 insignem
2282 782 2299 816 ,
2368 736 2539 818 quod
2591 758 2723 805 non

397 847 772 911 expressum
807 836 925 911 ⁴est
975 829 1254 913 imagine
1296 829 1946 900 Winckelmanniana
1959 882 1976 916 ,
2034 854 2198 917 quae
2251 835 2506 902 laevum
2558 838 2723 905 adeo

396 932 567 996 latus
611 936 841 1014 poetae
884 925 1399 1014 conspiciendum
1443 933 1726 1017 praebet,
1784 954 1974 1017 quum
2030 936 2356 1004 debuisset
2407 936 2720 1004 dextrum.

569 1032 774 1111 Quam
814 1051 1129 1115 gemmam
1155 1033 1279 1097 Th.
1310 1033 1624 1116 Bergkius
1668 1040 1752 1114 (v,
1781 1035 2107 1103 Welckeri
2147 1037 2297 1103 Alte
2324 1040 2604 1105 Denkm.
2636 1043 2720 1106 11.

395 1151 462 1218 p.
522 1135 690 1211 343.)
747 1153 1116 1218 expressam
1171 1134 1366 1204 fuisse
1421 1136 1689 1202 coniecit
1756 1139 1842 1203 ad
1895 1137 2241 1220 imaginem
2291 1139 2600 1226 Aeschyli
2653 1143 2721 1207 in

398 1237 692 1318 sepulcro
736 1235 872 1302 cius
902 1236 1123 1317 Gelae,
1170 1235 1279 1301 ubi
1325 1236 1494 1302 diem
1538 1257 1898 1321 supremum
1929 1239 2086 1305 obiit
2125 1247 2336 1325 poeta,
2381 1242 2535 1307 olim
2576 1263 2721 1309 con-

400 1336 553 1401 dito.
640 1338 808 1402 Nam
850 1356 1043 1419 quum
1086 1335 1416 1422 Oppianus
1457 1341 1829 1422 narraverit,
1876 1341 2125 1423 aquilas
2155 1362 2345 1425 quum
2388 1351 2720 1427 aegrotent

393 1438 823 1505 testudinibus
854 1439 1061 1505 solere
1088 1440 1279 1520 vesci,
1325 1446 1395 1504 ut
1423 1440 1544 1506 sibi
1570 1440 1964 1524 medeantur,
1987 1441 2197 1510 -facile
2224 1444 2501 1528 intelligi
2527 1465 2719 1530 posse

393 1540 519 1606 hac
558 1540 865 1626 Aeschyli
905 1540 1185 1622 imagine
1226 1541 1387 1606 nihil
1429 1541 1607 1607 aliud
1649 1563 1764 1626 per
1817 1542 2343 1626 significationem
2397 1547 2719 1630 quandam

397 1641 611 1707 doceri
654 1662 846 1724 quam
888 1647 1090 1708 morte
1130 1642 1467 1708 liberatum
1513 1662 1655 1709 esse
1696 1650 1953 1728 poetam
1983 1646 2274 1714 omnibus
2317 1647 2505 1714 huius
2548 1648 2719 1714 vitae

393 1742 735 1809 aerumnis.
823 1743 1028 1821 Quam
1072 1744 1579 1828 explicationem,
1626 1764 1988 1829 quanquam
2031 1753 2216 1813 acute
2272 1749 2713 1832 excogitatam,

391 1844 531 1911 iure
571 1844 788 1912 reiecit
828 1845 1204 1911 Welckerus
1218 1892 1235 1927 ,
1292 1851 1512 1929 utpote
1564 1866 1773 1930 neque
1816 1847 2199 1914 Graecorum
2254 1849 2511 1932 ingenio
2564 1853 2718 1918 satis
2834 1902 2840 1907 .

389 1943 957 2030 accommodatam,
1029 1966 1239 2030 neque
1309 1947 1713 2031 simplicitate
1777 1948 2256 2032 significationis
2318 1951 2717 2018 commenda—

392 2048 610 2115 bilem.
678 2048 942 2122 Accedit
970 2049 1140 2131 quod
1167 2068 1377 2132 neque
1404 2048 1724 2114 fortiorem
1754 2050 2059 2135 Aeschyli
2087 2050 2480 2134 tragoediam
2510 2072 2717 2137 neque

390 2151 600 2234 ipsam
644 2156 874 2234 poetae
915 2148 1367 2233 fortitudinem,
1412 2157 1505 2215 tot
1546 2150 1778 2233 pugnis
1820 2151 2140 2218 luculente
2201 2153 2714 2238 demonstratam,

396 2252 622 2318 decere
665 2251 936 2317 videtur.
1024 2251 1256 2318 Postea
1297 2251 1645 2318 Teuffelius
1691 2251 1874 2331 (Mus.
1919 2253 2125 2319 Rhen.
2169 2255 2286 2337 IX,
2339 2261 2390 2321 1.
2435 2278 2499 2340 p.
2552 2260 2715 2334 151.)

392 2354 612 2437 aquila
655 2352 990 2418 audaciam
1047 2353 1261 2436 poesis
1302 2352 1705 2438 Aeschyleae
1716 2397 1733 2436 ,
1789 2353 2113 2421 testudine
2164 2356 2574 2441 gravitatem,
2632 2378 2715 2424 ne

395 2454 603 2521 dicam
646 2454 1029 2537 tarditatem,
1073 2449 1340 2520 indicari
1395 2454 1517 2521 sibi
1561 2453 1896 2537 persuasit.
1980 2455 2206 2539 Neque
2248 2458 2399 2523 huic
2439 2459 2716 2543 explica-

391 2558 569 2640 tioni,
615 2557 819 2623 altera
861 2555 1034 2621 haud
1076 2557 1296 2641 paullo
1326 2556 1689 2639 obscuriori,
1733 2557 2000 2624 accessit
2026 2557 2406 2626 Welckerus
2451 2566 2515 2627 et
2541 2566 2710 2628 recte

393 2659 670 2743 quidem.
731 2658 887 2723 Mihi
930 2678 1032 2724 res
1073 2658 1165 2724 ita
1205 2658 1462 2725 videtur
1497 2664 1719 2742 aperta
1764 2678 1922 2742 esse,
1968 2665 2037 2724 ut
2064 2661 2256 2727 mirer
2283 2662 2453 2727 viros
2485 2662 2711 2729 doctis-

393 2761 586 2827 simos
643 2762 822 2843 quasi
877 2760 946 2825 in
1000 2759 1207 2843 scirpo
1257 2761 1494 2825 nodum
1538 2759 1884 2843 quaesisse.
1972 2761 2226 2827 Nodum
2269 2768 2481 2828 autem
2524 2764 2591 2828 in
2635 2784 2711 2829 eo

394 2863 515 2929 sibi
568 2861 892 2927 invenisse
948 2868 1277 2945 putarunt,
1350 2861 1520 2945 quod
1575 2861 1859 2944 aquilam
1912 2862 2091 2927 illam
2145 2862 2461 2929 hostiliter
2521 2884 2714 2948 agere

390 2965 461 3029 in
514 2963 901 3029 testudinem
955 2962 1078 3028 sibi
1131 2969 1602 3046 persuaserant.
1687 2963 1775 3029 At
1831 2983 1961 3027 non
2016 2971 2111 3030 est
2162 2954 2273 3029 ita.
2360 2965 2497 3047 Ego
2542 2966 2710 3031 enim

392 3068 515 3132 hac
557 3084 809 3147 gemma
851 3065 1099 3147 scalpta
1141 3065 1303 3129 nihil
1332 3064 1519 3130 video
1564 3062 1906 3147 significari
1948 3065 2072 3131 nisi
2114 3066 2529 3149 symbolicam
2561 3087 2711 3150 apo-

391 3169 643 3234 theosin
672 3160 940 3250 poeseos
968 3166 1388 3250 Aeschyleae.
1453 3165 1736 3232 Testudo
1782 3165 1951 3231 enim
1982 3165 2134 3249 quid
2177 3166 2353 3231 aliud
2397 3175 2493 3234 est
2522 3187 2709 3250 quam

392 3270 603 3353 poesis
662 3270 768 3334 vel
824 3268 997 3352 lyra,
1066 3287 1254 3351 quam
1318 3273 1384 3333 et
1438 3267 1667 3333 Graeci
1720 3274 1978 3351 propter
2030 3267 2321 3333 Mercurii
2381 3269 2710 3335 inventum

389 3368 577 3452 χέλυν
638 3370 855 3434 dicunt
909 3376 973 3434 et
1027 3367 1357 3453 χελώνηνῗ)
1421 3367 1606 3434 Hanc
1659 3375 1871 3434 autem
1922 3368 2333 3452 testudinem,
2408 3370 2712 3455 Aeschyli

389 3480 591 3538 morte
634 3472 814 3554 quasi
844 3472 1150 3553 orbatam,
1194 3471 1263 3536 in
1305 3470 1505 3536 altum
1547 3470 1714 3553 rapit
1753 3469 1989 3553 aquila,
2034 3469 2163 3534 fida
2203 3471 2492 3536 ministra
2518 3472 2709 3554 Iovis,

391 3593 522 3640 non
566 3573 919 3638 demissura
960 3579 1202 3656 postea,
1248 3579 1317 3637 ut
1360 3592 1550 3637 carne
1582 3577 1891 3654 vescatur,
1936 3570 2052 3637 sed.
2094 3579 2399 3655 tanquam
2441 3574 2710 3639 alterum

394 3674 574 3760 quasi
632 3675 1104 3758 Ganymedem,
1171 3675 1278 3739 vel
1345 3676 1615 3739 alterum
1670 3673 2012 3738 Homerum
2086 3677 2168 3751 (v.
2225 3672 2433 3736 Mz’llz‘n
2493 3675 2708 3742 Galer.
2793 3762 2797 3766 .

392 3777 656 3863 mythol.
688 3776 769 3840 N.
800 3778 989 3859 549),
1034 3779 1139 3844 vel
1180 3777 1450 3842 alterum
1481 3774 1925 3840 Germanicum
1971 3778 2054 3853 (v.
2101 3775 2373 3840 eundem
2400 3775 2708 3840 Millinum

394 3879 473 3944 N.
508 3883 627 3943 674
646 3878 689 3954 ¹)
734 3876 820 3942 ad
864 3878 1109 3943 caelum
1153 3879 1259 3943 vel
1302 3876 1388 3943 ad
1418 3876 1571 3942 deos
1612 3875 1788 3958 ipsos
1831 3882 2144 3940 evectura.
2209 3876 2311 3941 Ita
2353 3882 2416 3942 et
2457 3877 2707 3961 signum

394 3982 669 4046 caeleste
712 3978 900 4062 quod,
964 3979 1107 4063 lyra
1149 3980 1343 4062 vulgo
1386 3997 1556 4043 nunc
1599 3975 1789 4058 dicta,
1846 3976 1931 4041 ab
1975 3977 2170 4042 Arato
2229 3978 2494 4057 (Phaen.
2539 3983 2661 4045 267
2667 3982 2708 4057 .)

395 4089 456 4149 et
486 4080 745 4148 Graecis
778 4081 1034 4144 omnino
1075 4079 1261 4159 χέλυς
1303 4080 1682 4164 appellatur,
1725 4079 1831 4144 vel
1862 4076 2099 4161 Orphei
2138 4081 2244 4144 vel
2272 4080 2515 4146 Musaei
2557 4082 2708 4145 olim

393 4183 585 4249 fuisse
638 4181 833 4248 tradit
874 4182 1073 4246 Theo.
1162 4180 1232 4247 Si
1288 4180 1427 4265 quis
1471 4186 1766 4263 quaerat,
1822 4199 1933 4245 cur
1973 4200 2103 4245 non
2155 4180 2363 4265 ipsam
2406 4181 2710 4266 Aeschyli

393 4286 596 4369 lyram
640 4285 969 4349 tollentem
1013 4283 1294 4366 aquilam
1336 4281 1584 4347 finxerit
1627 4280 1885 4364 artifex,
1944 4282 2301 4365 respondeo
2352 4282 2421 4346 id
2474 4283 2707 4360 factum
