3499 5219
1322 462 1443 469 -.-Μ
1535 404 1612 490 '21
1705 461 1839 469 --

398 595 783 662 Tradiderat
824 595 1143 661 Huttenus
1188 593 1448 660 Caesari
1492 595 1955 679 epigrammata
1995 614 2112 660 sua
2153 614 2298 660 cum
2344 594 2744 663 dedicatione

396 707 463 765 et
505 699 863 783 Epistolam
907 697 1136 762 Italiae
1178 696 1266 761 ad
1307 697 1815 763 Maximilianum
1860 701 1944 775 (v.
1976 696 2110 762 Vlr.
2154 698 2238 762 ab
2268 697 2511 763 Hutten
2550 717 2747 782 opera

394 807 566 885 poet.
597 803 673 865 T.
703 801 824 865 III.
857 799 957 865 ed.
982 799 1103 865 Ed.
1127 799 1465 882 Bdcking).
1508 799 1706 865 Porro
1735 797 2028 865 a'Oarolo
2050 799 2150 880 V„
2182 799 2291 881 qui
2310 805 2504 865 antea
2522 798 2744 863 Ludo·-

395 905 593 966 vicum
619 903 965 974 Ariostum,
1013 921 1174 985 „per
1216 901 1544 985 diploma“
1586 908 1657 967 ut
1703 900 1932 966 dicitur
1944 950 1961 983 ‚
2009 900 2447 969 declaraverat
2488 908 2745 984 poetam

393 1005 821 1086 laureamm‚¹)
865 1004 943 1068 A.
967 1004 1331 1070 MDXXIX
1359 1004 1427 1068 in
1455 1003 1727 1070 comitiis
1757 1003 2165 1087 Spirensibus
2185 1003 2463 1067 Michael
2488 1005 2746 1069 Tomos

396 1106 773 1173 Tiroliensis
786 1107 833 1182 ²)
892 1104 1176 1171 medicus
1230 1105 1715 1172 Paracelsianus
1771 1112 1836 1171 61
1898 1112 2091 1189 poeta
2150 1105 2417 1186 latinus,
2493 1105 2746 1188 Stigelii

395 1209 666 1289 amicus,
736 1209 917 1272 lauro
960 1207 1214 1290 poetica
1256 1215 1320 1273 et
1376 1207 1688 1290 dignitate
1719 1206 1994 1273 Comitis
2036 1206 2317 1273 Palatini
2370 1207 2747 1274 honestatus

397 1318 524 1394 est,
572 1317 879 1393 quantum
918 1310 1033 1375 ille
1077 1308 1369 1375 diversus
1410 1329 1453 1373 a
1495 1311 1568 1374 L.
1612 1309 1900 1375 Ariosto!

564 1414 682 1479 His
752 1411 1122 1496 praemissis
1178 1418 1462 1477 revertor
1529 1410 1617 1476 ad
1675 1410 2028 1493 Stigelium.
2123 1409 2245 1475 Hic
2314 1429 2458 1474 cum
2512 1411 2742 1477 Franc.

394 1514 721 1581 Burcardo
776 1519 1046 1580 venerat
1087 1512 1176 1578 ad
1228 1513 1486 1578 comitia
1526 1512 2052 1593 Ratisbonensia,
2128 1532 2254 1594 quo
2323 1510 2379 1576 is
2448 1512 2532 1577 ab
2602 1513 2741 1578 Ioh.

393 1616 717 1683 Friderico
762 1616 994 1681 missus
1038 1620 1203 1696 erat,
1264 1622 1334 1680 ut
1375 1614 1636 1681 tandem
1651 1663 1668 1696 ‚
1727 1615 1784 1680 si
1825 1613 1961 1680 fieri
2002 1619 2248 1695 posset,
2309 1611 2390 1677 de
2431 1613 2744 1697 religione

396 1718 780 1783 Germaniae
820 1717 1266 1800 pacisceretur.
1323 1717 1718 1782 Ratisbonae
1760 1736 1903 1781 cum
1946 1713 2325 1780 consiliariis
2361 1715 2743 1797 quibusdam

396 1821 607 1887 Caroli
650 1820 727 1885 V.
772 1818 1271 1884 familiaritatem
1315 1820 1630 1883 contraxit
1672 1817 1976 1901 Stigelius
1988 1865 2006 1899 ‚
2084 1814 2256 1898 quod
2303 1816 2395 1881 sic
2448 1828 2743 1888 narratur

393 1923 478 1988 ab
509 1923 558 1987 I.
589 1921 906 1987 Fincelio:
956 1921 1091 2003 „ita
1132 1926 1422 1986 versatus
1465 1926 1602 1986 erat
1633 1919 1984 2002 (Stigelius)
2028 1917 2099 1983 in
2140 1917 2295 1982 iuris
2340 1916 2630 1989 doctrina
2657 1960 2743 1971 —

390 2030 463 2088 nt
503 2024 572 2088 in
615 2023 885 2089 comitiis
927 2021 1501 2087 Ratisbonensibus
1544 2021 1680 2086 eius
1724 2041 1984 2104 operam
2025 2019 2095 2084 in
2151 2019 2412 2085 archivo
2467 2027 2743 2106 require-

390 2132 537 2190 rent
578 2125 771 2190 aulici
815 2124 1163 2189 consiliarii
1205 2123 1418 2189 Caroli
1460 2123 1536 2188 V.
1582 2123 1744 2206 Imp.
1790 2123 1954 2204 Aug.
1971 2169 1988 2204 ,
2049 2121 2493 2205 promitterent
2546 2134 2741 2199 etiam

393 2227 680 2310 amplum
723 2226 1024 2292 salarium
1070 2231 1133 2291 et
1177 2224 1521 2308 dignitates
1560 2223 1941 2309 praecipuas
1956 2270 1973 2303 ‚
2049 2241 2214 2305 quae
2260 2220 2552 2305 ‚profecto
2607 2219 2742 2285 ani-

391 2349 567 2394 mum
623 2327 877 2394 flectere
931 2328 1279 2394 iuvenilem
1334 2334 1527 2409 atque
1581 2326 1915 2408 impellere
1970 2328 2286 2407 poterant.
2333 2358 2416 2369 —
2459 2322 2742 2387 Venerat

391 2430 462 2494 in
504 2430 795 2495 notitiam
841 2429 1342 2495 consiliariorum
1384 2427 1797 2512 Imperatoris
1838 2425 2317 2510 praedicatione
2361 2430 2426 2489 61
2480 2443 2739 2488 conver-

391 2532 641 2597 satione
684 2533 765 2596 D.
811 2530 1285 2596 Bartholomaei
1328 2529 1613 2595 Amantii
1628 2577 1644 2611 ‚
1661 2529 1705 2606 ³)
1761 2527 1884 2593 viri
1927 2535 1992 2593 et
2035 2526 2324 2593 doctrina
2365 2525 2739 2592 excellentis

391 2640 458 2699 et
499 2635 873 2699 auctoritate
916 2634 1320 2718 praestantis.
1381 2634 1520 2698 Nec
1562 2631 1831 2697 deerant
1873 2630 1981 2712 qui
2022 2629 2425 2696 hortarentur
2452 2648 2537 2693 ne
2565 2628 2740 2694 obla-

391 2742 523 2800 tam
568 2736 966 2801 occasionem
1010 2734 1352 2818 splendide
1395 2740 1459 2800 et
1500 2753 1644 2799 cum
1688 2732 2000 2815 dignitate
2043 2729 2307 2797 vivendi
2365 2730 2738 2813 negligeret.

392 2836 630 2903 Verum
701 2836 861 2902 sicut
929 2836 1139 2919 potior
1206 2836 1334 2920 ipsi
1403 2836 1564 2900 ratio
1634 2835 1994 2900 habebatur
2050 2832 2309 2916 pietatis
2375 2836 2440 2897 et
2504 2833 2739 2903 amoris

389 2939 638 3022 patriae
679 2974 763 2984 ——
805 2938 899 3002 ita
940 2958 1068 3020 qua
1109 2944 1360 3021 poterat
1414 2937 1776 3003 reverentia
1833 2934 2262 3000 conditionem
2322 2932 2736 3016 detrectabat,

389 3061 571 3125 spem
614 3039 856 3105 faciens
900 3040 1037 3105 eius
1080 3058 1314 3123 operae
1355 3039 1425 3103 in
1467 3044 1679 3104 aetate
1719 3037 2080 3102 maturiore.
2153 3035 2333 3114 Quae
2374 3053 2496 3117 res,
2545 3055 2738 3118 quum

387 3143 668 3225 ingenue
710 3140 864 3224 quid
907 3142 1172 3207 sentiret
1217 3139 1484 3221 diceret,
1542 3140 1635 3204 ita
1674 3159 1807 3204 non
1848 3137 2117 3203 offendit
2156 3137 2439 3220 ipsorum
2489 3138 2737 3203 animos

387 3280 476 3289 —
519 3262 778 3327 operam
821 3248 891 3307 ut
936 3241 1164 3308 darent
1206 3242 1506 3308 continuo
1522 3290 1538 3323 ‚
1611 3260 1697 3305 ne
1737 3240 1807 3304 in
1851 3239 2116 3321 Stigelio
2161 3237 2449 3303 ornando
2492 3238 2737 3321 aliquid

391 3344 742 3412 desiderari
809 3344 878 3408 in
950 3345 1108 3428 ipsis
1178 3363 1370 3428 posse
1439 3341 1781 3408 videretur.
1870 3342 2131 3407 Iubetur
2199 3340 2390 3423 igitur
2460 3340 2737 3407 scribere

387 3466 620 3530 poema
662 3444 890 3511 Garolo
935 3446 1341 3529 Imperatori,
1416 3443 1587 3527 quod
1631 3451 1809 3509 tanto
1855 3463 1997 3508 cum
2040 3443 2357 3526 applausu
2400 3449 2736 3525 exceptum

389 3553 489 3613 est
501 3595 517 3629 ‚
576 3553 646 3612 ut
699 3547 842 3630 ipse
883 3548 1239 3631 Imperator
1278 3549 1563 3612 lauream
1604 3552 1914 3630 perpetuo
1957 3544 2270 3609 virentem
2315 3542 2580 3626 81186110
2622 3544 2735 3609 1111-

386 3655 676 3732 poneret,
720 3648 959 3715 additis
1001 3650 1194 3714 armis
1240 3647 1702 3732 equestfibus.“
1789 3647 1967 3713 Haec
2023 3646 2364 3711 Fincelius.
2451 3646 2539 3710 At
2595 3647 2735 3712 sine

389 3749 582 3815 dubio
628 3751 730 3814 Fr.
776 3750 1136 3816 Burcardus
1176 3751 1305 3815 iam
1349 3756 1541 3815 antea
1581 3755 1800 3814 auctor
1854 3747 2061 3814 fuerat
2103 3746 2368 3829 81186110
2383 3795 2401 3829 ,
2478 3752 2549 3811 111
2603 3768 2735 3812 car-

522 3954 558 4014 1)
595 3969 644 4001 v.
690 3953 982 4005 Tiraboschi
1014 3955 1185 4004 Storia
1219 3953 1352 4004 della
1385 3953 1495 4004 lett.
1531 3953 1642 4004 ital.
1680 3952 1736 4003 T.
1758 3952 1876 4003 VII.
1914 3968 1961 4017 p.
1994 3953 2072 4002 92.
2098 3950 2356 4014 ed.Neap.
2496 3949 2531 4015 ²)
2568 3950 2732 4000 Natus

388 4043 498 4087 erat
533 4038 840 4103 Sterzingae.
911 4038 1050 4088 Hinc
1090 4038 1353 4088 Raeticum
1390 4054 1442 4087 se
1478 4038 1624 4087 dixit.
1762 4034 1803 4098 3)
1839 4035 1917 4085 Ad
1951 4035 2086 4086 hunc
2122 4036 2315 4101 scripta
2350 4037 2470 4083 sunt
2509 4036 2732 4084 carmina

388 4122 594 4187 Stigelii
644 4121 704 4174 T.
739 4124 781 4173 Ι.
827 4122 861 4173 f.
911 4125 1007 4175 251
1059 4139 1105 4175 ν.
1154 4124 1252 4175 388
1300 4141 1340 4174 r.
1390 4122 1447 4175 T.
1485 4122 1556 4174 11.
1602 4120 1637 4170 f.
1674 4121 1740 4172 50
1778 4136 1823 4169 v.
1858 4121 1956 4172 202
1992 4137 2038 4170 v.
2092 4128 2172 4177 (ex
2207 4136 2307 4183 quo
2343 4119 2583 4169 discimus
2619 4124 2727 4169 tum

386 4207 820 4274 Gryphiswaldiae
856 4208 1193 4258 Professorem
1235 4207 1392 4257 fuisse
1425 4206 1749 4267 Amantium,
1810 4209 2006 4270 poetam
2055 4204 2341 4255 laureatum
2387 4219 2418 4254 a
2445 4202 2631 4253 Carolo
2665 4203 2726 4254 V.

386 4292 710 4343 declaratum.
747 4309 791 4342 v.
830 4292 1188 4357 Kosegartenii
1223 4292 1422 4342 Hister.
1458 4292 1599 4342 uniV.
1637 4291 1918 4357 Gryphisw.
1990 4290 2046 4340 T.
2084 4290 2129 4345 I.
2175 4306 2225 4355 p.
2268 4290 2378 4342 196.
2450 4286 2523 4339 cf.
2562 4288 2727 4353 81186-

385 4377 448 4427 111
482 4392 641 4442 poem.
680 4377 739 4430 T.
774 4379 816 4429 Ι.
852 4378 886 4429 f.
926 4379 1040 4429 238.
1077 4378 1192 4428 251.
1230 4378 1300 4429 ΙΙ.
1337 4377 1372 4428 s.
1408 4378 1474 4428 50
1512 4380 1576 4438 v.)
