3499 5219
1687 427 1815 434 -ψ
1913 392 2032 454 142
2120 427 2253 433 -22

798 565 969 630 Num
1023 564 1215 648 igitur
1266 562 1634 627 inchoatum
1690 581 1949 627 carmen
2004 568 2131 643 est,
2196 582 2351 625 num
2405 561 2816 627 absolutum?
2900 563 3001 628 Ita
3062 582 3160 628 ne

794 667 1141 750 recepisset
1181 664 1438 748 quidem
1480 663 1549 728 in
1592 664 1942 728 carminum
1985 684 2241 728 suorum
2281 664 2575 729 libellum
2602 665 2866 730 iunctim
2895 664 3155 730 editum

795 770 903 852 qui
960 771 1235 852 inceptos
1291 767 1437 829 olim
1485 767 1863 850 promissum
1922 786 2170 829 carmen
2227 765 2462 829 iambos
2507 765 2594 828 ad
2633 765 2982 829 umbilicum
3027 768 3156 829 ad-

795 871 1021 934 ducere
1047 890 1239 952 quum
1266 890 1399 934 non
1426 875 1661 952 posset,
1692 868 2052 933 Maecenati
2079 888 2150 934 se
2178 875 2614 934 excusaverat.
2667 869 2897 952 (Epod.
2930 869 3151 946 XIV.)

791 973 1014 1056 Longe
1068 972 1301 1037 rectius
1356 970 1780 1035 iudicabimus
1837 970 1892 1035 si
1948 970 2256 1053 longioris
2308 970 2606 1036 carminis
2648 972 2754 1037 vel
2796 971 3149 1054 prologum

789 1075 894 1140 vel
939 1073 1151 1158 potius
1194 1073 1488 1138 comitem
1529 1072 1697 1137 hanc
1740 1071 1933 1137 odam
1977 1093 2119 1139 esse
2164 1071 2531 1152 dixerimus,
2577 1073 2802 1154 quales
2830 1074 3148 1156 prologos

788 1177 1180 1259 singulorum
1237 1175 1600 1240 libellorum
1656 1175 1733 1239 R.
1779 1174 2110 1241 Bentleius
2167 1174 2477 1240 indicavit
2534 1174 2768 1240 multos
2823 1175 2893 1239 111
2950 1194 3146 1258 prae·

784 1278 1026 1343 satione
1081 1277 1167 1341 ad
1223 1277 1555 1342 Horatium
1614 1297 1655 1341 a
1711 1296 1783 1342 se
1841 1276 2101 1343 editum.
2202 1278 2288 1342 At
2343 1296 2497 1342 vero
2565 1277 2822 1339 latinum
2880 1297 3143 1339 carmen

787 1381 977 1463 quale
1018 1385 1116 1445 est
1158 1378 1327 1461 quod
1371 1378 1492 1443 hac
1536 1377 1663 1442 oda
1704 1379 2015 1461 promittit
2044 1379 2344 1444 Horatius
2358 1378 2393 1442 ‘?
2463 1379 2620 1444 Sine
2664 1377 2876 1460 dubio,
2921 1378 3143 1460 inquit

726 1465 730 1468 ’
784 1482 1047 1564 aliquis,
1109 1480 1279 1563 quod
1331 1486 1774 1563 argumentum
1830 1487 2060 1545 tractat
2117 1500 2268 1546 vere
2310 1500 2643 1544 romanum
2656 1528 2673 1562 ,
2732 1479 3137 1562 dignumque

782 1584 1035 1649 videtur
1090 1603 1232 1649 esse
1289 1582 1555 1664 antiqua
1609 1583 1940 1666 republica
1993 1602 2285 1664 romana,
2360 1601 2476 1665 pro
2548 1601 2676 1664 qua
2736 1582 2877 1665 ipse
2934 1588 3140 1664 poeta

781 1706 961 1751 arma
1012 1687 1263 1750 tulerat.
1349 1685 1679 1750 Latiniora
1719 1691 1963 1765 autem,
2025 1683 2080 1749 si
2121 1684 2214 1749 ita
2257 1682 2469 1748 dicere
2508 1682 2659 1748 licet
2674 1731 2690 1763 ,
2749 1684 2818 1747 111
2876 1683 2999 1748 hac
3057 1703 3136 1749 re

780 1807 911 1852 non
954 1793 1253 1869 poterunt
1294 1786 1568 1851 inveniri
1611 1805 1801 1868 quam
1847 1806 2013 1868 quae
2055 1786 2124 1850 in
2153 1784 2428 1869 Epodon
2455 1784 2619 1849 libro
2649 1785 2947 1867 leguntur
2975 1786 3129 1850 VH.

780 1897 844 1956 et
886 1888 1062 1953 XVI.
1108 1887 1193 1951 ad
1236 1888 1543 1971 p'opulum
1586 1908 1919 1952 romanum
1962 1888 2216 1971 scripta.
2291 1885 2572 1966 Quorum
2614 1887 2883 1952 alterum
2928 1906 3128 1969 quum

776 1990 968 2055 nimis
1024 1989 1319 2055 videatur
1374 1989 1570 2055 breve
1627 2009 1771 2055 esse
1828 2010 2018 2073 quam
2077 1989 2246 2072 quod
2303 1989 2409 2054 vel
2462 1989 2726 2071 prologo
2770 1989 2986 2071 aliquo
3028 1989 3128 2053 in·

780 2091 1022 2174 digeat,
1081 2111 1213 2155 11011
1269 2092 1538 2155 multum
1596 2111 1637 2156 a
1691 2111 1844 2157 vero
1900 2092 2199 2157 aberrare
2252 2090 2377 2156 sibi
2416 2090 2578 2156 forte
2621 2090 2763 2174 quis
2807 2089 3121 2172 videatur,

777 2194 832 2259 si
873 2194 1143 2258 alterum
1190 2192 1415 2272 (XVI.)
1474 2213 1732 2259 carmen
1789 2193 1952 2258 illud
2010 2213 2152 2259 esse
2208 2192 2473 2273 dixerit,
2541 2191 2644 2256 cui
2695 2198 2921 2274 postea
2976 2212 3124 2275 pro-

774 2295 989 2377 logum
1045 2294 1227 2358 illum
1281 2295 1680 2378 praemiserit
1735 2295 2058 2361 Horatius.
2151 2294 2443 2377 Assurgit
2497 2294 2668 2359 enim
2724 2293 2812 2359 ad
2865 2293 3119 2375 epicam

775 2396 1100 2479 quandam
1127 2396 1751 2480 grandiloquentiam
1781 2397 2340 2479 Sertorianumque
2370 2397 2551 2479 quasi
2595 2395 2886 2478 spiritum
2929 2394 3120 2459 nobis

773 2498 1065 2563 videmur
1106 2518 1470 2580 agnoscere,
1517 2518 1724 2580 quem,
1770 2518 2135 2581 quanquam
2176 2498 2445 2563 fractum
2481 2495 2836 2563 Octaviana
2880 2502 3114 2578 aetate,

772 2620 981 2682 neque
1023 2606 1248 2683 postea
1281 2607 1495 2666 tamen
1524 2621 1783 2685 prorsus
1815 2622 2199 2668 evanescere
2228 2600 2525 2666 sustinuit
2552 2598 2874 2681 Horatius,
2921 2620 3115 2682 quum

773 2722 1024 2768 omnem
1070 2723 1199 2767 11011
1233 2703 1423 2768 1110ᾶο
1458 2703 1854 2786 sanguinem,
1900 2703 2017 2770 sed
2060 2704 2252 2769 etiam
2295 2704 2571 2767 colorem
2614 2700 2951 2785 pristinum
2995 2702 3116 2766 rei-

771 2804 1065 2887 publicae
1121 2804 1485 2871 amisissent
1532 2806 1826 2870 Romani.
1926 2806 2152 2888 Neque
2221 2805 2344 2870 hoc
2410 2811 2627 2870 tamen
2682 2823 2904 2869 verum
2969 2822 3113 2868 esse

771 2906 1059 2972 dixerim.
1147 2906 1316 2971 Nam
1369 2905 1641 2990 primum
1698 2905 1958 2990 quidem
2012 2928 2144 2972 non
2199 2907 2354 2972 satis
2410 2913 2630 2990 aptum
2675 2925 2817 2971 esse
2860 2905 3110 2987 putabi-

768 3029 937 3089 mus,
996 3008 1050 3073 si
1095 3008 1236 3090 quis
1278 3009 1401 3073 hoc
1445 3028 1731 3090 carmen,
1794 3008 1964 3091 quod
2005 3010 2384 3091 ingenuum,
2443 3015 2513 3073 ut
2555 3008 2646 3071 ita
2689 3006 2897 3071 dicam
2912 3055 2928 3087 ,
2975 3006 3110 3071 ani-

767 3131 939 3174 mum
994 3110 1178 3193 quasi
1232 3110 1430 3193 spirat
1488 3117 1552 3175 et
1603 3110 1825 3175 nativa
1875 3111 2259 3193 scaturigine
2302 3109 2687 3194 prorumpit,
2745 3109 2828 3174 ab
2882 3108 3107 3173 amicis

767 3211 1165 3276 hortantibus
1220 3211 1484 3276 Horatio
1542 3211 1725 3293 quasi
1780 3218 2094 3277 extortum
2150 3232 2293 3278 esse
2348 3212 2610 3295 dixerit3
2670 3209 2907 3275 deinde
2959 3210 3108 3293 ipsa

766 3318 1000 3395 metra,
1060 3313 1286 3395 quibus
1341 3333 1493 3378 usus
1551 3320 1649 3378 est
1701 3313 1771 3377 in
1827 3320 2092 3397 utroque
2146 3314 2453 3396 carmine,
2514 3314 2743 3377 mirum
2798 3317 3105 3394 quantum

764 3413 931 3479 inter
972 3433 1042 3480 se
1087 3414 1343 3479 distant.
1429 3414 1642 3493 Quare
1697 3434 1773 3480 eo
1830 3415 2100 3480 inclinat
2154 3416 2404 3480 animus
2454 3422 2524 3479 ut
2564 3421 2781 3497 putem
2830 3411 3110 3476 Carmina·

764 3517 1077 3578 saeculari
1100 3516 1255 3580 anni
1276 3516 1352 3580 V.
1376 3515 1444 3580 O.
1467 3515 1962 3581 DOCXXXVII
1989 3538 2120 3582 11011
2149 3518 2483 3600 prologum
2513 3515 2771 3599 quidem
2800 3515 3100 3597 scriptam

765 3636 906 3683 esse
947 3618 1115 3682 hanc
1158 3617 1379 3699 odam,
1439 3617 1553 3683 sed
1597 3617 1916 3683 adiectam
1958 3619 2107 3683 huic
2149 3619 2414 3684 carmini
2458 3638 2603 3683 eum
2644 3617 2714 3681 in
2756 3616 2978 3698 finem,
3035 3622 3103 3680 ut

761 3738 892 3783 una
934 3738 1075 3782 cum
1116 3718 1257 3801 ipso
1287 3719 1568 3784 carmine
1597 3720 1910 3785 saeculari
1939 3741 1979 3785 a
2007 3721 2379 3786 Maecenate
2407 3718 2764 3785 traderetur
2790 3717 3096 3800 Augusto,

761 3819 870 3903 qui
912 3818 1244 3884 Horatium
1287 3820 1373 3885 ad
1417 3821 1947 3886 conscribendum
1987 3821 2149 3886 illud
2194 3841 2449 3887 carmen
2501 3821 2911 3887 excitaverat.
2997 3819 3098 3882 Ita

723 3965 728 3974 -
761 3921 931 3988 enim
973 3940 1230 4004 prorsus
1275 3920 1342 3986 C.
1375 3922 1715 3988 Suetonius
1758 3923 1827 3988 in
1870 3924 2005 3988 vita
2026 3923 2311 3996 Horatii:
2359 3922 2614 4007 Scripta
2649 3923 2781 3984 eius
2808 3920 3094 3999 [Horatii]

759 4024 1078 4106 Auqustus
1122 4043 1312 4106 usque
1356 4024 1509 4086 adeo
1547 4024 1845 4108 probavit
1884 4045 2296 4109 mansuraque
2327 4033 2638 4109 perpetua
2685 4025 2970 4107 opinatus
3003 4030 3099 4082 est

754 4105 827 4187 ut
881 4145 1003 4187 non
1059 4124 1240 4186 modo
1298 4125 1617 4187 saeculare
1671 4146 1920 4188 carmen
1970 4127 2452 4210 componendum
2493 4126 2845 4188 iniunxerz't
2882 4123 2997 4186 sed
3034 4131 3098 4184 et

770 4226 1145 4289 Vindelz’eam
1188 4226 1511 4288 victoriam
1549 4226 1790 4289 Tiberii
1810 4226 2135 4312 Drusique
2155 4230 2588 4312 priviqnorum
2616 4246 2884 4289 suorum.
2951 4225 3093 4289 Iam

755 4328 945 4411 igitur
999 4326 1149 4394 vide
1205 4348 1332 4411 qua
1383 4328 1698 4394 modestia
1752 4334 1943 4410 atque
1995 4330 2064 4394 in
2118 4330 2474 4413 Augustum
2528 4330 3092 4409 Maecenatemque
