<?xml version="1.0" encoding="UTF-8"?>
<!DOCTYPE html PUBLIC "-//W3C//DTD XHTML 1.0 Transitional//EN"
    "http://www.w3.org/TR/xhtml1/DTD/xhtml1-transitional.dtd">
<html xmlns="http://www.w3.org/1999/xhtml" xml:lang="en" lang="en">
 <head>
  <title>
</title>
<meta http-equiv="Content-Type" content="text/html;charset=utf-8" />
  <meta name='ocr-system' content='tesseract 3.04.00' />
  <meta name='ocr-capabilities' content='ocr_page ocr_carea ocr_par ocr_line ocrx_word'/>
</head>
<body>
  <div class='ocr_page' id='page_1' title='image "./opusculaacademi00goetgoog_0275.png"; bbox 0 0 3499 5219; ppageno 0'>
   <div class='ocr_carea' id='block_1_1' title="bbox 1234 430 1801 493">
    <p class='ocr_par' dir='ltr' id='par_1_1' title="bbox 1234 430 1801 493">
     <span class='ocr_line' id='line_1_1' title="bbox 1234 430 1801 493; baseline -0.005 1"><span class='ocrx_word' id='word_1_1' title='bbox 1234 430 1801 493; x_wconf 74' lang='lat'>—259-———</span> 
     </span>
    </p>
   </div>
   <div class='ocr_carea' id='block_1_2' title="bbox 341 584 2732 3330">
    <p class='ocr_par' dir='ltr' id='par_1_2' title="bbox 343 584 2695 887">
     <span class='ocr_line' id='line_1_2' title="bbox 345 584 2695 683; baseline -0.001 -15"><span class='ocrx_word' id='word_1_2' title='bbox 345 608 705 668; x_wconf 74' lang='lat' dir='ltr'>commento</span> <span class='ocrx_word' id='word_1_3' title='bbox 757 600 1034 666; x_wconf 73' lang='lat' dir='ltr'>libenter</span> <span class='ocrx_word' id='word_1_4' title='bbox 1073 599 1432 665; x_wconf 76' lang='lat' dir='ltr'>carebimus</span> <span class='ocrx_word' id='word_1_5' title='bbox 1474 618 1667 681; x_wconf 88' lang='lat' dir='ltr'>quum</span> <span class='ocrx_word' id='word_1_6' title='bbox 1710 594 2060 683; x_wconf 75' lang='grc' dir='ltr'>Λυσανίης</span> <span class='ocrx_word' id='word_1_7' title='bbox 2116 598 2199 664; x_wconf 85' lang='lat' dir='ltr'>sit</span> <span class='ocrx_word' id='word_1_8' title='bbox 2250 599 2528 665; x_wconf 75' lang='lat' dir='ltr'>ionicum</span> <span class='ocrx_word' id='word_1_9' title='bbox 2574 584 2695 683; x_wconf 71' lang='lat' dir='ltr'>pm</span> 
     </span>
     <span class='ocr_line' id='line_1_3' title="bbox 344 699 2691 782; baseline 0 -15"><span class='ocrx_word' id='word_1_10' title='bbox 344 707 717 777; x_wconf 67' lang='grc' dir='ltr'><strong>Λυσανίας.</strong></span> <span class='ocrx_word' id='word_1_11' title='bbox 790 702 868 767; x_wconf 88' lang='lat' dir='ltr'>V.</span> <span class='ocrx_word' id='word_1_12' title='bbox 907 699 1213 767; x_wconf 81' lang='lat' dir='ltr'>Herodot.</span> <span class='ocrx_word' id='word_1_13' title='bbox 1245 700 1355 782; x_wconf 87' lang='lat' dir='ltr'>VI,</span> <span class='ocrx_word' id='word_1_14' title='bbox 1409 703 1548 765; x_wconf 77' lang='lat'><strong>127.</strong></span> <span class='ocrx_word' id='word_1_15' title='bbox 1634 701 1735 766; x_wconf 92' lang='lat' dir='ltr'>De</span> <span class='ocrx_word' id='word_1_16' title='bbox 1776 700 2050 766; x_wconf 80' lang='lat' dir='ltr'>ionismo</span> <span class='ocrx_word' id='word_1_17' title='bbox 2092 701 2266 767; x_wconf 84' lang='lat' dir='ltr'>enim</span> <span class='ocrx_word' id='word_1_18' title='bbox 2310 700 2691 768; x_wconf 71' lang='lat' dir='ltr'>Callimachi</span> 
     </span>
     <span class='ocr_line' id='line_1_4' title="bbox 343 802 2269 887; baseline -0.002 -17"><span class='ocrx_word' id='word_1_19' title='bbox 343 804 496 870; x_wconf 85' lang='lat' dir='ltr'>vide</span> <span class='ocrx_word' id='word_1_20' title='bbox 541 824 705 887; x_wconf 91' lang='lat' dir='ltr'>quae</span> <span class='ocrx_word' id='word_1_21' title='bbox 749 803 1008 886; x_wconf 73' lang='lat' dir='ltr'>collegit</span> <span class='ocrx_word' id='word_1_22' title='bbox 1050 802 1343 868; x_wconf 83' lang='lat' dir='ltr'>Naekins</span> <span class='ocrx_word' id='word_1_23' title='bbox 1384 802 1471 870; x_wconf 88' lang='lat' dir='ltr'>ad</span> <span class='ocrx_word' id='word_1_24' title='bbox 1514 803 1805 868; x_wconf 89' lang='lat' dir='ltr'>Hecalen</span> <span class='ocrx_word' id='word_1_25' title='bbox 1848 802 1892 867; x_wconf 94' lang='lat' dir='ltr'>l.</span> <span class='ocrx_word' id='word_1_26' title='bbox 1937 802 1981 867; x_wconf 89' lang='lat' dir='ltr'>l.</span> <span class='ocrx_word' id='word_1_27' title='bbox 2024 823 2088 886; x_wconf 90' lang='lat' dir='ltr'>p.</span> <span class='ocrx_word' id='word_1_28' title='bbox 2127 807 2269 868; x_wconf 85' lang='grc'><strong>571.</strong></span> 
     </span>
    </p>

    <p class='ocr_par' dir='ltr' id='par_1_3' title="bbox 341 902 2732 3330">
     <span class='ocr_line' id='line_1_5' title="bbox 513 902 2684 988; baseline -0 -17"><span class='ocrx_word' id='word_1_29' title='bbox 513 907 709 971; x_wconf 89' lang='lat' dir='ltr'>Porro</span> <span class='ocrx_word' id='word_1_30' title='bbox 754 902 832 968; x_wconf 83' lang='grc' dir='ltr'>σὺ</span> <span class='ocrx_word' id='word_1_31' title='bbox 881 902 952 969; x_wconf 82' lang='grc' dir='ltr'>δέ</span> <span class='ocrx_word' id='word_1_32' title='bbox 992 924 1137 969; x_wconf 87' lang='lat' dir='ltr'>non.</span> <span class='ocrx_word' id='word_1_33' title='bbox 1165 903 1430 969; x_wconf 76' lang='lat' dir='ltr'><strong>debebit</strong></span> <span class='ocrx_word' id='word_1_34' title='bbox 1482 924 1624 970; x_wconf 84' lang='lat' dir='ltr'>cnm</span> <span class='ocrx_word' id='word_1_35' title='bbox 1668 905 2102 972; x_wconf 87' lang='lat' dir='ltr'>Valckenario</span> <span class='ocrx_word' id='word_1_36' title='bbox 2159 904 2384 988; x_wconf 80' lang='lat' dir='ltr'>fragm.</span> <span class='ocrx_word' id='word_1_37' title='bbox 2432 904 2684 972; x_wconf 83' lang='lat' dir='ltr'>Gallim.</span> 
     </span>
     <span class='ocr_line' id='line_1_6' title="bbox 342 1002 2687 1092; baseline 0 -20"><span class='ocrx_word' id='word_1_38' title='bbox 342 1030 407 1092; x_wconf 88' lang='lat' dir='ltr'>p.</span> <span class='ocrx_word' id='word_1_39' title='bbox 462 1011 560 1072; x_wconf 88' lang='grc'>19.</span> <span class='ocrx_word' id='word_1_40' title='bbox 604 1007 834 1086; x_wconf 80' lang='lat' dir='ltr'>mutari</span> <span class='ocrx_word' id='word_1_41' title='bbox 877 1007 946 1071; x_wconf 90' lang='lat' dir='ltr'>in</span> <span class='ocrx_word' id='word_1_42' title='bbox 991 1002 1144 1087; x_wconf 82' lang='grc' dir='ltr'><em>σύγε</em></span> <span class='ocrx_word' id='word_1_43' title='bbox 1157 1033 1180 1084; x_wconf 87' lang='grc'>,·</span> <span class='ocrx_word' id='word_1_44' title='bbox 1235 1006 1358 1071; x_wconf 87' lang='lat' dir='ltr'>hac</span> <span class='ocrx_word' id='word_1_45' title='bbox 1414 1006 1584 1072; x_wconf 88' lang='lat' dir='ltr'>enim</span> <span class='ocrx_word' id='word_1_46' title='bbox 1629 1006 1945 1088; x_wconf 68' lang='lat' dir='ltr'>particula</span> <span class='ocrx_word' id='word_1_47' title='bbox 1986 1006 2303 1090; x_wconf 85' lang='lat' dir='ltr'>Lysanias</span> <span class='ocrx_word' id='word_1_48' title='bbox 2347 1006 2687 1089; x_wconf 89' lang='lat' dir='ltr'>opponitur</span> 
     </span>
     <span class='ocr_line' id='line_1_7' title="bbox 342 1105 2693 1192; baseline -0 -18"><span class='ocrx_word' id='word_1_49' title='bbox 342 1110 556 1192; x_wconf 84' lang='lat' dir='ltr'>volgO.</span> <span class='ocrx_word' id='word_1_50' title='bbox 642 1109 938 1191; x_wconf 83' lang='lat' dir='ltr'>Sequitur</span> <span class='ocrx_word' id='word_1_51' title='bbox 981 1112 1157 1187; x_wconf 79' lang='grc' dir='ltr'>ναίχι</span> <span class='ocrx_word' id='word_1_52' title='bbox 1198 1105 1413 1185; x_wconf 86' lang='grc' dir='ltr'><strong><em>καλός,</em></strong></span> <span class='ocrx_word' id='word_1_53' title='bbox 1458 1105 1655 1179; x_wconf 79' lang='grc' dir='ltr'><strong><em>καλός</em></strong></span> <span class='ocrx_word' id='word_1_54' title='bbox 1699 1106 1872 1190; x_wconf 86' lang='lat' dir='ltr'>quod</span> <span class='ocrx_word' id='word_1_55' title='bbox 1912 1107 2103 1173; x_wconf 82' lang='lat' dir='ltr'>etiam</span> <span class='ocrx_word' id='word_1_56' title='bbox 2147 1109 2216 1173; x_wconf 86' lang='lat' dir='ltr'>in</span> <span class='ocrx_word' id='word_1_57' title='bbox 2273 1109 2446 1174; x_wconf 77' lang='lat' dir='ltr'>vasis</span> <span class='ocrx_word' id='word_1_58' title='bbox 2490 1108 2693 1174; x_wconf 85' lang='lat' dir='ltr'>fictili-</span> 
     </span>
     <span class='ocr_line' id='line_1_8' title="bbox 341 1207 2687 1292; baseline -0.001 -14"><span class='ocrx_word' id='word_1_59' title='bbox 341 1213 464 1278; x_wconf 91' lang='lat' dir='ltr'>bus</span> <span class='ocrx_word' id='word_1_60' title='bbox 505 1211 766 1278; x_wconf 75' lang='lat' dir='ltr'>inscribi</span> <span class='ocrx_word' id='word_1_61' title='bbox 811 1210 1081 1290; x_wconf 79' lang='lat' dir='ltr'><strong>solebat,</strong></span> <span class='ocrx_word' id='word_1_62' title='bbox 1127 1229 1292 1291; x_wconf 89' lang='lat' dir='ltr'>quae</span> <span class='ocrx_word' id='word_1_63' title='bbox 1332 1210 1546 1292; x_wconf 90' lang='lat' dir='ltr'>pueris</span> <span class='ocrx_word' id='word_1_64' title='bbox 1590 1207 1997 1274; x_wconf 84' lang='lat' dir='ltr'><strong>donabantur</strong></span> <span class='ocrx_word' id='word_1_65' title='bbox 2037 1207 2119 1274; x_wconf 91' lang='lat' dir='ltr'>ab</span> <span class='ocrx_word' id='word_1_66' title='bbox 2164 1209 2574 1292; x_wconf 80' lang='lat' dir='ltr'>amatoribus,</span> <span class='ocrx_word' id='word_1_67' title='bbox 2620 1216 2687 1275; x_wconf 93' lang='lat' dir='ltr'>et</span> 
     </span>
     <span class='ocr_line' id='line_1_9' title="bbox 345 1308 2732 1427; baseline -0.002 -48"><span class='ocrx_word' id='word_1_68' title='bbox 345 1314 604 1397; x_wconf 91' lang='lat' dir='ltr'>saepius</span> <span class='ocrx_word' id='word_1_69' title='bbox 648 1311 908 1395; x_wconf 88' lang='lat' dir='ltr'>quidem</span> <span class='ocrx_word' id='word_1_70' title='bbox 948 1310 1240 1394; x_wconf 82' lang='lat' dir='ltr'>repetito,</span> <span class='ocrx_word' id='word_1_71' title='bbox 1287 1317 1356 1376; x_wconf 90' lang='lat' dir='ltr'>ut</span> <span class='ocrx_word' id='word_1_72' title='bbox 1397 1311 1534 1394; x_wconf 88' lang='lat' dir='ltr'>hic,</span> <span class='ocrx_word' id='word_1_73' title='bbox 1576 1308 1777 1386; x_wconf 78' lang='grc' dir='ltr'><strong><em>καλός</em></strong></span> <span class='ocrx_word' id='word_1_74' title='bbox 1833 1316 1919 1390; x_wconf 88' lang='lat' dir='ltr'>(v.</span> <span class='ocrx_word' id='word_1_75' title='bbox 1964 1309 2148 1394; x_wconf 84' lang='lat' dir='ltr'>Corp.</span> <span class='ocrx_word' id='word_1_76' title='bbox 2213 1311 2412 1376; x_wconf 86' lang='lat' dir='ltr'>Inscr.</span> <span class='ocrx_word' id='word_1_77' title='bbox 2457 1313 2532 1376; x_wconf 89' lang='lat' dir='ltr'>T.</span> <span class='ocrx_word' id='word_1_78' title='bbox 2576 1312 2732 1427; x_wconf 60' lang='lat' dir='ltr'>IV.</span> 
     </span>
     <span class='ocr_line' id='line_1_10' title="bbox 343 1410 2691 1497; baseline -0.002 -15"><span class='ocrx_word' id='word_1_79' title='bbox 343 1417 427 1482; x_wconf 80' lang='lat' dir='ltr'>N.</span> <span class='ocrx_word' id='word_1_80' title='bbox 472 1418 659 1479; x_wconf 86' lang='grc'><strong>7436.</strong></span> <span class='ocrx_word' id='word_1_81' title='bbox 706 1418 889 1480; x_wconf 88' lang='grc'><strong>7810.</strong></span> <span class='ocrx_word' id='word_1_82' title='bbox 940 1416 1123 1478; x_wconf 85' lang='grc'><strong>7881.</strong></span> <span class='ocrx_word' id='word_1_83' title='bbox 1170 1413 1336 1477; x_wconf 82' lang='grc'><strong>8458</strong></span> <span class='ocrx_word' id='word_1_84' title='bbox 1354 1410 1431 1489; x_wconf 80' lang='lat' dir='ltr'>b.)</span> <span class='ocrx_word' id='word_1_85' title='bbox 1474 1412 1849 1497; x_wconf 86' lang='lat' dir='ltr'>plerumque</span> <span class='ocrx_word' id='word_1_86' title='bbox 1902 1411 1971 1476; x_wconf 90' lang='lat' dir='ltr'>in</span> <span class='ocrx_word' id='word_1_87' title='bbox 2025 1411 2152 1477; x_wconf 90' lang='lat' dir='ltr'>fine</span> <span class='ocrx_word' id='word_1_88' title='bbox 2202 1411 2455 1477; x_wconf 82' lang='lat' dir='ltr'>adiecto</span> <span class='ocrx_word' id='word_1_89' title='bbox 2514 1417 2691 1493; x_wconf 75' lang='grc' dir='ltr'>ναίχι</span> 
     </span>
     <span class='ocr_line' id='line_1_11' title="bbox 346 1512 2689 1597; baseline 0 -16"><span class='ocrx_word' id='word_1_90' title='bbox 346 1524 440 1594; x_wconf 85' lang='lat' dir='ltr'>(ut</span> <span class='ocrx_word' id='word_1_91' title='bbox 481 1517 562 1582; x_wconf 89' lang='lat' dir='ltr'>N.</span> <span class='ocrx_word' id='word_1_92' title='bbox 614 1518 795 1581; x_wconf 88' lang='grc'><strong>7398.</strong></span> <span class='ocrx_word' id='word_1_93' title='bbox 844 1516 1028 1579; x_wconf 83' lang='grc'><strong>7563.</strong></span> <span class='ocrx_word' id='word_1_94' title='bbox 1076 1516 1260 1580; x_wconf 85' lang='grc'><strong>7809.</strong></span> <span class='ocrx_word' id='word_1_95' title='bbox 1308 1516 1493 1579; x_wconf 88' lang='lat'><strong>7871.</strong></span> <span class='ocrx_word' id='word_1_96' title='bbox 1542 1518 1725 1581; x_wconf 78' lang='lat'><strong>7872.</strong></span> <span class='ocrx_word' id='word_1_97' title='bbox 1774 1516 1938 1580; x_wconf 80' lang='lat'>8458</span> <span class='ocrx_word' id='word_1_98' title='bbox 1957 1512 2053 1594; x_wconf 78' lang='lat' dir='ltr'>b·),</span> <span class='ocrx_word' id='word_1_99' title='bbox 2100 1513 2294 1580; x_wconf 82' lang='lat' dir='ltr'>etiam</span> <span class='ocrx_word' id='word_1_100' title='bbox 2336 1514 2689 1597; x_wconf 77' lang='lat' dir='ltr'>praemisso</span> 
     </span>
     <span class='ocr_line' id='line_1_12' title="bbox 346 1607 2688 1698; baseline -0.002 -15"><span class='ocrx_word' id='word_1_101' title='bbox 346 1626 439 1692; x_wconf 81' lang='lat' dir='ltr'>(ut</span> <span class='ocrx_word' id='word_1_102' title='bbox 483 1619 567 1683; x_wconf 86' lang='lat' dir='ltr'>N.</span> <span class='ocrx_word' id='word_1_103' title='bbox 609 1618 857 1698; x_wconf 82' lang='grc'><strong>7838.);</strong></span> <span class='ocrx_word' id='word_1_104' title='bbox 915 1614 1236 1684; x_wconf 79' lang='lat' dir='ltr'>interdum</span> <span class='ocrx_word' id='word_1_105' title='bbox 1290 1615 1359 1680; x_wconf 91' lang='lat' dir='ltr'>in</span> <span class='ocrx_word' id='word_1_106' title='bbox 1414 1616 1590 1682; x_wconf 67' lang='lat' dir='ltr'>vasis</span> <span class='ocrx_word' id='word_1_107' title='bbox 1646 1616 1840 1681; x_wconf 83' lang='lat' dir='ltr'>etiam</span> <span class='ocrx_word' id='word_1_108' title='bbox 1896 1616 2128 1697; x_wconf 82' lang='lat' dir='ltr'>legitur</span> <span class='ocrx_word' id='word_1_109' title='bbox 2183 1607 2218 1677; x_wconf 84' lang='grc' dir='ltr'><strong><em>ὅ</em></strong></span> <span class='ocrx_word' id='word_1_110' title='bbox 2262 1620 2426 1692; x_wconf 77' lang='grc' dir='ltr'><strong><em>παῖς</em></strong></span> <span class='ocrx_word' id='word_1_111' title='bbox 2470 1613 2688 1692; x_wconf 79' lang='grc' dir='ltr'><strong><em>καλός,</em></strong></span> 
     </span>
     <span class='ocr_line' id='line_1_13' title="bbox 344 1714 2689 1799; baseline -0 -15"><span class='ocrx_word' id='word_1_112' title='bbox 344 1717 540 1799; x_wconf 53' lang='lat' dir='ltr'>vain,</span> <span class='ocrx_word' id='word_1_113' title='bbox 584 1717 787 1798; x_wconf 66' lang='grc' dir='ltr'><strong><em>κάρτα</em></strong></span> <span class='ocrx_word' id='word_1_114' title='bbox 831 1723 926 1793; x_wconf 85' lang='lat' dir='ltr'>(ut</span> <span class='ocrx_word' id='word_1_115' title='bbox 967 1717 1049 1782; x_wconf 89' lang='lat' dir='ltr'>N.</span> <span class='ocrx_word' id='word_1_116' title='bbox 1098 1719 1328 1797; x_wconf 82' lang='lat'><strong>7920.),</strong></span> <span class='ocrx_word' id='word_1_117' title='bbox 1374 1723 1445 1781; x_wconf 88' lang='lat' dir='ltr'>ut</span> <span class='ocrx_word' id='word_1_118' title='bbox 1486 1723 1584 1782; x_wconf 90' lang='lat' dir='ltr'>est</span> <span class='ocrx_word' id='word_1_119' title='bbox 1624 1715 1799 1799; x_wconf 78' lang='lat' dir='ltr'>apud</span> <span class='ocrx_word' id='word_1_120' title='bbox 1829 1714 2078 1781; x_wconf 81' lang='lat' dir='ltr'>Gallim.</span> <span class='ocrx_word' id='word_1_121' title='bbox 2111 1716 2308 1798; x_wconf 85' lang='lat' dir='ltr'>epigr.</span> <span class='ocrx_word' id='word_1_122' title='bbox 2341 1717 2592 1799; x_wconf 85' lang='lat' dir='ltr'>XXXI,</span> <span class='ocrx_word' id='word_1_123' title='bbox 2627 1722 2689 1782; x_wconf 77' lang='lat'>3.</span> 
     </span>
     <span class='ocr_line' id='line_1_14' title="bbox 342 1814 2688 1903; baseline -0.001 -18"><span class='ocrx_word' id='word_1_124' title='bbox 342 1819 543 1896; x_wconf 83' lang='grc' dir='ltr'><strong><em>καλὸς</em></strong></span> <span class='ocrx_word' id='word_1_125' title='bbox 592 1814 626 1876; x_wconf 73' lang='grc' dir='ltr'><em>ὖ</em></span> <span class='ocrx_word' id='word_1_126' title='bbox 684 1828 849 1894; x_wconf 75' lang='grc' dir='ltr'>παῖς</span> <span class='ocrx_word' id='word_1_127' title='bbox 909 1815 1052 1903; x_wconf 79' lang='grc' dir='ltr'><strong><em>λίην</em></strong></span> <span class='ocrx_word' id='word_1_128' title='bbox 1098 1815 1313 1894; x_wconf 79' lang='grc' dir='ltr'><strong>καλός.</strong></span> <span class='ocrx_word' id='word_1_129' title='bbox 1402 1819 1589 1883; x_wconf 72' lang='lat' dir='ltr'>Hunc</span> <span class='ocrx_word' id='word_1_130' title='bbox 1642 1836 1882 1883; x_wconf 84' lang='lat' dir='ltr'>morem</span> <span class='ocrx_word' id='word_1_131' title='bbox 1937 1818 2129 1900; x_wconf 73' lang='lat' dir='ltr'>igitur</span> <span class='ocrx_word' id='word_1_132' title='bbox 2184 1826 2436 1884; x_wconf 76' lang='lat' dir='ltr'>secutus</span> <span class='ocrx_word' id='word_1_133' title='bbox 2494 1819 2688 1884; x_wconf 80' lang='lat' dir='ltr'>Calli-</span> 
     </span>
     <span class='ocr_line' id='line_1_15' title="bbox 342 1916 2682 2007; baseline -0.001 -18"><span class='ocrx_word' id='word_1_134' title='bbox 342 1922 608 1989; x_wconf 91' lang='lat' dir='ltr'>machus</span> <span class='ocrx_word' id='word_1_135' title='bbox 637 1920 1172 2004; x_wconf 74' lang='lat' dir='ltr'>pronunciaverat</span> <span class='ocrx_word' id='word_1_136' title='bbox 1200 1916 1373 1999; x_wconf 75' lang='grc' dir='ltr'>ναίχι</span> <span class='ocrx_word' id='word_1_137' title='bbox 1417 1917 1631 1995; x_wconf 78' lang='grc' dir='ltr'><strong><em>καλός,</em></strong></span> <span class='ocrx_word' id='word_1_138' title='bbox 1677 1920 1783 1984; x_wconf 87' lang='lat' dir='ltr'>vel</span> <span class='ocrx_word' id='word_1_139' title='bbox 1812 1916 2028 1997; x_wconf 83' lang='grc' dir='ltr'><strong><em>καλός,</em></strong></span> <span class='ocrx_word' id='word_1_140' title='bbox 2062 1916 2271 1999; x_wconf 72' lang='grc' dir='ltr'>ναίχις</span> <span class='ocrx_word' id='word_1_141' title='bbox 2317 1920 2474 1985; x_wconf 89' lang='lat' dir='ltr'>echo</span> <span class='ocrx_word' id='word_1_142' title='bbox 2504 1940 2682 2007; x_wconf 86' lang='lat' dir='ltr'>vero,</span> 
     </span>
     <span class='ocr_line' id='line_1_16' title="bbox 345 2021 2692 2107; baseline -0.001 -17"><span class='ocrx_word' id='word_1_143' title='bbox 345 2044 512 2107; x_wconf 87' lang='lat' dir='ltr'>quae</span> <span class='ocrx_word' id='word_1_144' title='bbox 551 2023 623 2088; x_wconf 93' lang='lat' dir='ltr'>in</span> <span class='ocrx_word' id='word_1_145' title='bbox 664 2022 1163 2106; x_wconf 74' lang='lat' dir='ltr'>reciprocatione</span> <span class='ocrx_word' id='word_1_146' title='bbox 1205 2021 1445 2105; x_wconf 88' lang='lat' dir='ltr'>primas</span> <span class='ocrx_word' id='word_1_147' title='bbox 1474 2021 1927 2086; x_wconf 84' lang='lat' dir='ltr'>vocabulorum</span> <span class='ocrx_word' id='word_1_148' title='bbox 1957 2040 2270 2087; x_wconf 85' lang='lat' dir='ltr'>consonas</span> <span class='ocrx_word' id='word_1_149' title='bbox 2314 2023 2478 2087; x_wconf 89' lang='lat' dir='ltr'>solet</span> <span class='ocrx_word' id='word_1_150' title='bbox 2508 2023 2692 2088; x_wconf 85' lang='lat' dir='ltr'>omit·</span> 
     </span>
     <span class='ocr_line' id='line_1_17' title="bbox 345 2119 2688 2208; baseline -0 -17"><span class='ocrx_word' id='word_1_151' title='bbox 345 2134 483 2192; x_wconf 88' lang='lat' dir='ltr'>tere</span> <span class='ocrx_word' id='word_1_152' title='bbox 525 2124 873 2208; x_wconf 80' lang='lat' dir='ltr'>respondet</span> <span class='ocrx_word' id='word_1_153' title='bbox 917 2121 1045 2201; x_wconf 73' lang='grc' dir='ltr'>ἔχει</span> <span class='ocrx_word' id='word_1_154' title='bbox 1091 2119 1293 2200; x_wconf 80' lang='grc' dir='ltr'><strong><em>ἄλλος</em></strong></span> <span class='ocrx_word' id='word_1_155' title='bbox 1320 2124 1425 2188; x_wconf 89' lang='lat' dir='ltr'>vel</span> <span class='ocrx_word' id='word_1_156' title='bbox 1458 2119 1658 2197; x_wconf 76' lang='grc' dir='ltr'><strong><em>ἄλλος</em></strong></span> <span class='ocrx_word' id='word_1_157' title='bbox 1688 2121 1836 2201; x_wconf 72' lang='grc' dir='ltr'><strong>ἔχει.</strong></span> <span class='ocrx_word' id='word_1_158' title='bbox 1896 2121 2002 2187; x_wconf 89' lang='lat' dir='ltr'>Ad</span> <span class='ocrx_word' id='word_1_159' title='bbox 2031 2122 2191 2187; x_wconf 92' lang='lat' dir='ltr'>haec</span> <span class='ocrx_word' id='word_1_160' title='bbox 2219 2123 2295 2188; x_wconf 90' lang='lat' dir='ltr'>R.</span> <span class='ocrx_word' id='word_1_161' title='bbox 2325 2123 2688 2190; x_wconf 87' lang='lat' dir='ltr'>Bentleius:</span> 
     </span>
     <span class='ocr_line' id='line_1_18' title="bbox 343 2220 2689 2313; baseline -0.001 -19"><span class='ocrx_word' id='word_1_162' title='bbox 343 2235 620 2313; x_wconf 85' lang='lat' dir='ltr'>„poetae</span> <span class='ocrx_word' id='word_1_163' title='bbox 664 2226 902 2291; x_wconf 85' lang='lat' dir='ltr'>dicenti</span> <span class='ocrx_word' id='word_1_164' title='bbox 943 2229 1115 2303; x_wconf 76' lang='grc' dir='ltr'>ναίχι</span> <span class='ocrx_word' id='word_1_165' title='bbox 1158 2221 1356 2299; x_wconf 83' lang='grc' dir='ltr'><strong><em>καλός</em></strong></span> <span class='ocrx_word' id='word_1_166' title='bbox 1399 2224 1556 2290; x_wconf 90' lang='lat' dir='ltr'>echo</span> <span class='ocrx_word' id='word_1_167' title='bbox 1609 2230 1950 2307; x_wconf 89' lang='lat' dir='ltr'>responsat</span> <span class='ocrx_word' id='word_1_168' title='bbox 2004 2222 2135 2304; x_wconf 75' lang='grc' dir='ltr'>ἔχει</span> <span class='ocrx_word' id='word_1_169' title='bbox 2192 2220 2409 2300; x_wconf 72' lang='grc' dir='ltr'><strong>ἄλλος.</strong></span> <span class='ocrx_word' id='word_1_170' title='bbox 2500 2225 2689 2291; x_wconf 88' lang='lat' dir='ltr'>Vnde</span> 
     </span>
     <span class='ocr_line' id='line_1_19' title="bbox 344 2321 2693 2415; baseline -0.002 -19"><span class='ocrx_word' id='word_1_171' title='bbox 344 2335 619 2415; x_wconf 87' lang='lat' dir='ltr'>apparet</span> <span class='ocrx_word' id='word_1_172' title='bbox 660 2326 830 2411; x_wconf 89' lang='lat' dir='ltr'>quod</span> <span class='ocrx_word' id='word_1_173' title='bbox 875 2345 947 2390; x_wconf 81' lang='grc' dir='ltr'>αι</span> <span class='ocrx_word' id='word_1_174' title='bbox 992 2333 1056 2392; x_wconf 91' lang='lat' dir='ltr'>et</span> <span class='ocrx_word' id='word_1_175' title='bbox 1099 2349 1129 2391; x_wconf 81' lang='grc' dir='ltr'><em>ε</em></span> <span class='ocrx_word' id='word_1_176' title='bbox 1173 2326 1398 2392; x_wconf 88' lang='lat' dir='ltr'>eodem</span> <span class='ocrx_word' id='word_1_177' title='bbox 1456 2325 1590 2390; x_wconf 84' lang='lat' dir='ltr'>fere</span> <span class='ocrx_word' id='word_1_178' title='bbox 1631 2343 1789 2390; x_wconf 87' lang='lat' dir='ltr'>sono</span> <span class='ocrx_word' id='word_1_179' title='bbox 1847 2325 2306 2408; x_wconf 82' lang='lat' dir='ltr'>efferebantur,</span> <span class='ocrx_word' id='word_1_180' title='bbox 2355 2326 2526 2408; x_wconf 88' lang='lat' dir='ltr'>quod</span> <span class='ocrx_word' id='word_1_181' title='bbox 2555 2321 2693 2392; x_wconf 85' lang='lat' dir='ltr'>¹no-</span> 
     </span>
     <span class='ocr_line' id='line_1_20' title="bbox 344 2425 2691 2510; baseline -0.001 -14"><span class='ocrx_word' id='word_1_182' title='bbox 344 2430 678 2496; x_wconf 86' lang='lat' dir='ltr'>tandum.“</span> <span class='ocrx_word' id='word_1_183' title='bbox 765 2428 969 2510; x_wconf 83' lang='lat' dir='ltr'>Magis</span> <span class='ocrx_word' id='word_1_184' title='bbox 1011 2427 1366 2496; x_wconf 83' lang='lat' dir='ltr'>notandum</span> <span class='ocrx_word' id='word_1_185' title='bbox 1409 2426 1664 2493; x_wconf 79' lang='lat' dir='ltr'>videtur</span> <span class='ocrx_word' id='word_1_186' title='bbox 1704 2425 1877 2509; x_wconf 88' lang='lat' dir='ltr'>quod</span> <span class='ocrx_word' id='word_1_187' title='bbox 1921 2451 1978 2492; x_wconf 90' lang='grc' dir='ltr'>ει</span> <span class='ocrx_word' id='word_1_188' title='bbox 2025 2426 2478 2510; x_wconf 80' lang='lat' dir='ltr'>diphthongus,</span> <span class='ocrx_word' id='word_1_189' title='bbox 2525 2447 2691 2510; x_wconf 82' lang='lat' dir='ltr'>quae</span> 
     </span>
     <span class='ocr_line' id='line_1_21' title="bbox 345 2527 2689 2614; baseline -0.002 -15"><span class='ocrx_word' id='word_1_190' title='bbox 345 2532 588 2599; x_wconf 89' lang='lat' dir='ltr'>claudit</span> <span class='ocrx_word' id='word_1_191' title='bbox 629 2531 895 2596; x_wconf 83' lang='lat' dir='ltr'>verbum</span> <span class='ocrx_word' id='word_1_192' title='bbox 940 2528 1068 2609; x_wconf 74' lang='grc' dir='ltr'>ἔχει</span> <span class='ocrx_word' id='word_1_193' title='bbox 1112 2529 1246 2596; x_wconf 84' lang='lat' dir='ltr'>fere</span> <span class='ocrx_word' id='word_1_194' title='bbox 1289 2529 1517 2596; x_wconf 90' lang='lat' dir='ltr'>eodem</span> <span class='ocrx_word' id='word_1_195' title='bbox 1558 2527 1749 2594; x_wconf 88' lang='lat' dir='ltr'>modo</span> <span class='ocrx_word' id='word_1_196' title='bbox 1793 2529 2351 2614; x_wconf 79' lang='lat' dir='ltr'>pronunciabatur,</span> <span class='ocrx_word' id='word_1_197' title='bbox 2398 2547 2520 2613; x_wconf 88' lang='lat' dir='ltr'>quo</span> <span class='ocrx_word' id='word_1_198' title='bbox 2566 2554 2591 2592; x_wconf 88' lang='grc' dir='ltr'>ι</span> <span class='ocrx_word' id='word_1_199' title='bbox 2620 2531 2689 2595; x_wconf 91' lang='lat' dir='ltr'>in</span> 
     </span>
     <span class='ocr_line' id='line_1_22' title="bbox 346 2629 2691 2716; baseline -0.001 -16"><span class='ocrx_word' id='word_1_200' title='bbox 346 2640 541 2715; x_wconf 81' lang='grc' dir='ltr'>ναίχι,</span> <span class='ocrx_word' id='word_1_201' title='bbox 584 2640 656 2699; x_wconf 85' lang='lat' dir='ltr'>ut</span> <span class='ocrx_word' id='word_1_202' title='bbox 695 2650 867 2698; x_wconf 89' lang='lat' dir='ltr'>nunc</span> <span class='ocrx_word' id='word_1_203' title='bbox 909 2632 1103 2697; x_wconf 73' lang='lat' dir='ltr'>etiam</span> <span class='ocrx_word' id='word_1_204' title='bbox 1146 2633 1358 2699; x_wconf 84' lang='lat' dir='ltr'>solent</span> <span class='ocrx_word' id='word_1_205' title='bbox 1386 2631 1635 2699; x_wconf 81' lang='lat' dir='ltr'>Graeci.</span> <span class='ocrx_word' id='word_1_206' title='bbox 1703 2629 1898 2698; x_wconf 82' lang='lat' dir='ltr'>Cuius</span> <span class='ocrx_word' id='word_1_207' title='bbox 1937 2632 2033 2697; x_wconf 90' lang='lat' dir='ltr'>rei</span> <span class='ocrx_word' id='word_1_208' title='bbox 2072 2631 2282 2697; x_wconf 88' lang='lat' dir='ltr'>simile</span> <span class='ocrx_word' id='word_1_209' title='bbox 2324 2634 2691 2716; x_wconf 85' lang='lat' dir='ltr'>exemplum</span> 
     </span>
     <span class='ocr_line' id='line_1_23' title="bbox 343 2732 2691 2820; baseline -0.001 -17"><span class='ocrx_word' id='word_1_210' title='bbox 343 2737 548 2803; x_wconf 88' lang='lat' dir='ltr'>habes</span> <span class='ocrx_word' id='word_1_211' title='bbox 590 2734 767 2820; x_wconf 87' lang='lat' dir='ltr'>apud</span> <span class='ocrx_word' id='word_1_212' title='bbox 807 2733 1164 2816; x_wconf 85' lang='lat' dir='ltr'>Diogenem</span> <span class='ocrx_word' id='word_1_213' title='bbox 1208 2734 1533 2799; x_wconf 84' lang='lat' dir='ltr'>Laertium</span> <span class='ocrx_word' id='word_1_214' title='bbox 1577 2733 1699 2816; x_wconf 86' lang='lat' dir='ltr'>VI,</span> <span class='ocrx_word' id='word_1_215' title='bbox 1762 2737 1832 2816; x_wconf 81' lang='lat'>2,</span> <span class='ocrx_word' id='word_1_216' title='bbox 1890 2737 2014 2815; x_wconf 70' lang='lat'>52„</span> <span class='ocrx_word' id='word_1_217' title='bbox 2078 2753 2201 2815; x_wconf 89' lang='lat' dir='ltr'>quo</span> <span class='ocrx_word' id='word_1_218' title='bbox 2266 2732 2691 2800; x_wconf 89' lang='lat' dir='ltr'>demonstrari</span> 
     </span>
     <span class='ocr_line' id='line_1_24' title="bbox 345 2824 2682 2924; baseline -0.003 -18"><span class='ocrx_word' id='word_1_219' title='bbox 345 2845 576 2924; x_wconf 85' lang='lat' dir='ltr'>potest,</span> <span class='ocrx_word' id='word_1_220' title='bbox 623 2829 734 2901; x_wconf 71' lang='grc' dir='ltr'>ἐπ’</span> <span class='ocrx_word' id='word_1_221' title='bbox 784 2824 1218 2915; x_wconf 78' lang='grc' dir='ltr'>ἀλειμμάτιον</span> <span class='ocrx_word' id='word_1_222' title='bbox 1264 2835 1538 2901; x_wconf 86' lang='lat' dir='ltr'>eundem</span> <span class='ocrx_word' id='word_1_223' title='bbox 1580 2835 1714 2900; x_wconf 80' lang='lat' dir='ltr'>fere</span> <span class='ocrx_word' id='word_1_224' title='bbox 1758 2855 1985 2900; x_wconf 88' lang='lat' dir='ltr'>sonum</span> <span class='ocrx_word' id='word_1_225' title='bbox 2012 2833 2315 2900; x_wconf 84' lang='lat' dir='ltr'>habuisse</span> <span class='ocrx_word' id='word_1_226' title='bbox 2344 2841 2534 2917; x_wconf 88' lang='lat' dir='ltr'>atque</span> <span class='ocrx_word' id='word_1_227' title='bbox 2565 2828 2682 2900; x_wconf 75' lang='grc' dir='ltr'>ἐπ’</span> 
     </span>
     <span class='ocr_line' id='line_1_25' title="bbox 348 2932 2685 3019; baseline -0.002 -14"><span class='ocrx_word' id='word_1_228' title='bbox 348 2935 502 3006; x_wconf 76' lang='grc' dir='ltr'>ἄλλ’</span> <span class='ocrx_word' id='word_1_229' title='bbox 567 2937 865 3019; x_wconf 63' lang='lat' dir='ltr'>iudum,-</span> <span class='ocrx_word' id='word_1_230' title='bbox 927 2937 1059 3003; x_wconf 84' lang='lat' dir='ltr'>scio</span> <span class='ocrx_word' id='word_1_231' title='bbox 1119 2935 1377 3019; x_wconf 82' lang='lat' dir='ltr'>quidem</span> <span class='ocrx_word' id='word_1_232' title='bbox 1431 2937 1501 3001; x_wconf 91' lang='lat' dir='ltr'>in</span> <span class='ocrx_word' id='word_1_233' title='bbox 1557 2936 1884 3002; x_wconf 83' lang='lat' dir='ltr'>codicibus</span> <span class='ocrx_word' id='word_1_234' title='bbox 1940 2954 2138 3019; x_wconf 85' lang='lat' dir='ltr'>saepe</span> <span class='ocrx_word' id='word_1_235' title='bbox 2195 2935 2384 3001; x_wconf 88' lang='lat' dir='ltr'>scribi</span> <span class='ocrx_word' id='word_1_236' title='bbox 2431 2932 2685 3016; x_wconf 76' lang='grc' dir='ltr'>ἅλιμμα</span> 
     </span>
     <span class='ocr_line' id='line_1_26' title="bbox 346 3037 2689 3128; baseline -0.003 -20"><span class='ocrx_word' id='word_1_237' title='bbox 346 3064 463 3128; x_wconf 89' lang='lat' dir='ltr'>pro</span> <span class='ocrx_word' id='word_1_238' title='bbox 521 3037 808 3120; x_wconf 73' lang='grc' dir='ltr'>ἄλειμμα</span> <span class='ocrx_word' id='word_1_239' title='bbox 864 3044 949 3117; x_wconf 71' lang='grc' dir='ltr'><strong>(ν.</strong></span> <span class='ocrx_word' id='word_1_240' title='bbox 1006 3038 1292 3104; x_wconf 84' lang='lat' dir='ltr'>Lobeek.</span> <span class='ocrx_word' id='word_1_241' title='bbox 1352 3038 1558 3122; x_wconf 86' lang='lat' dir='ltr'>paral.</span> <span class='ocrx_word' id='word_1_242' title='bbox 1615 3037 1725 3104; x_wconf 79' lang='lat' dir='ltr'>Gr.</span> <span class='ocrx_word' id='word_1_243' title='bbox 1780 3058 1877 3120; x_wconf 84' lang='lat' dir='ltr'>gr.</span> <span class='ocrx_word' id='word_1_244' title='bbox 1933 3037 1985 3101; x_wconf 89' lang='grc' dir='ltr'><strong>Ι.</strong></span> <span class='ocrx_word' id='word_1_245' title='bbox 2042 3058 2105 3121; x_wconf 87' lang='lat' dir='ltr'>p.</span> <span class='ocrx_word' id='word_1_246' title='bbox 2164 3040 2291 3114; x_wconf 88' lang='grc'><strong>37.)</strong></span> <span class='ocrx_word' id='word_1_247' title='bbox 2336 3037 2451 3103; x_wconf 89' lang='lat' dir='ltr'>sed</span> <span class='ocrx_word' id='word_1_248' title='bbox 2496 3058 2689 3121; x_wconf 89' lang='lat' dir='ltr'>quum</span> 
     </span>
     <span class='ocr_line' id='line_1_27' title="bbox 344 3133 2691 3223; baseline -0.003 -12"><span class='ocrx_word' id='word_1_249' title='bbox 344 3152 520 3212; x_wconf 79' lang='lat' dir='ltr'>reete</span> <span class='ocrx_word' id='word_1_250' title='bbox 561 3149 809 3208; x_wconf 75' lang='lat' dir='ltr'>tantum</span> <span class='ocrx_word' id='word_1_251' title='bbox 850 3140 1089 3206; x_wconf 77' lang='lat' dir='ltr'>habeat</span> <span class='ocrx_word' id='word_1_252' title='bbox 1132 3133 1439 3220; x_wconf 67' lang='grc' dir='ltr'>ἄλειμμα,</span> <span class='ocrx_word' id='word_1_253' title='bbox 1485 3139 1799 3223; x_wconf 69' lang='lat' dir='ltr'>scriptura</span> <span class='ocrx_word' id='word_1_254' title='bbox 1842 3134 2094 3220; x_wconf 71' lang='grc' dir='ltr'>ἄλιμμα</span> <span class='ocrx_word' id='word_1_255' title='bbox 2138 3136 2425 3221; x_wconf 74' lang='lat' dir='ltr'>profecta</span> <span class='ocrx_word' id='word_1_256' title='bbox 2466 3146 2563 3206; x_wconf 71' lang='lat' dir='ltr'>est</span> <span class='ocrx_word' id='word_1_257' title='bbox 2604 3159 2691 3205; x_wconf 77' lang='lat' dir='ltr'>ex</span> 
     </span>
     <span class='ocr_line' id='line_1_28' title="bbox 344 3239 1656 3330; baseline -0.005 -18"><span class='ocrx_word' id='word_1_258' title='bbox 344 3242 877 3330; x_wconf 89' lang='lat' dir='ltr'>pronunciatione</span> <span class='ocrx_word' id='word_1_259' title='bbox 918 3262 1016 3325; x_wconf 83' lang='lat' dir='ltr'>ea,</span> <span class='ocrx_word' id='word_1_260' title='bbox 1061 3240 1146 3308; x_wconf 87' lang='lat' dir='ltr'>de</span> <span class='ocrx_word' id='word_1_261' title='bbox 1189 3258 1316 3323; x_wconf 88' lang='lat' dir='ltr'>qua</span> <span class='ocrx_word' id='word_1_262' title='bbox 1360 3239 1656 3306; x_wconf 86' lang='lat' dir='ltr'>diximus.</span> 
     </span>
    </p>
   </div>
   <div class='ocr_carea' id='block_1_3' title="bbox 1481 3406 1569 3474">
    <p class='ocr_par' dir='ltr' id='par_1_4' title="bbox 1481 3406 1569 3474">
     <span class='ocr_line' id='line_1_29' title="bbox 1481 3406 1569 3474; baseline 0 0"><span class='ocrx_word' id='word_1_263' title='bbox 1481 3406 1569 3474; x_wconf 92' lang='lat'>11.</span> 
     </span>
    </p>
   </div>
   <div class='ocr_carea' id='block_1_4' title="bbox 345 3541 2691 4348">
    <p class='ocr_par' dir='ltr' id='par_1_5' title="bbox 345 3541 2691 4348">
     <span class='ocr_line' id='line_1_30' title="bbox 520 3541 2690 3630; baseline -0.002 -16"><span class='ocrx_word' id='word_1_264' title='bbox 520 3550 755 3615; x_wconf 87' lang='lat' dir='ltr'>Notum</span> <span class='ocrx_word' id='word_1_265' title='bbox 800 3554 899 3614; x_wconf 82' lang='lat' dir='ltr'>est</span> <span class='ocrx_word' id='word_1_266' title='bbox 938 3543 1332 3611; x_wconf 84' lang='lat' dir='ltr'>Simonidem</span> <span class='ocrx_word' id='word_1_267' title='bbox 1363 3541 1560 3610; x_wconf 86' lang='lat' dir='ltr'>Oeum</span> <span class='ocrx_word' id='word_1_268' title='bbox 1602 3551 1868 3611; x_wconf 90' lang='lat' dir='ltr'>mortem</span> <span class='ocrx_word' id='word_1_269' title='bbox 1899 3543 2133 3611; x_wconf 89' lang='lat' dir='ltr'>obiisse</span> <span class='ocrx_word' id='word_1_270' title='bbox 2163 3544 2496 3630; x_wconf 85' lang='lat' dir='ltr'>Syracusis</span> <span class='ocrx_word' id='word_1_271' title='bbox 2527 3545 2690 3610; x_wconf 86' lang='lat' dir='ltr'>eius-</span> 
     </span>
     <span class='ocr_line' id='line_1_31' title="bbox 349 3642 2691 3736; baseline -0.002 -19"><span class='ocrx_word' id='word_1_272' title='bbox 349 3671 473 3736; x_wconf 90' lang='lat' dir='ltr'>que</span> <span class='ocrx_word' id='word_1_273' title='bbox 516 3651 805 3734; x_wconf 90' lang='lat' dir='ltr'>sepulcro</span> <span class='ocrx_word' id='word_1_274' title='bbox 821 3698 839 3731; x_wconf 90' lang='lat'>,</span> <span class='ocrx_word' id='word_1_275' title='bbox 904 3648 1022 3714; x_wconf 91' lang='lat' dir='ltr'>sub</span> <span class='ocrx_word' id='word_1_276' title='bbox 1065 3645 1224 3730; x_wconf 87' lang='lat' dir='ltr'>ipsis</span> <span class='ocrx_word' id='word_1_277' title='bbox 1278 3642 1613 3711; x_wconf 87' lang='lat' dir='ltr'>moenibus</span> <span class='ocrx_word' id='word_1_278' title='bbox 1667 3645 1846 3712; x_wconf 89' lang='lat' dir='ltr'>urbis</span> <span class='ocrx_word' id='word_1_279' title='bbox 1890 3645 2030 3727; x_wconf 89' lang='lat' dir='ltr'>sito,</span> <span class='ocrx_word' id='word_1_280' title='bbox 2076 3645 2448 3730; x_wconf 87' lang='lat' dir='ltr'>inscriptum</span> <span class='ocrx_word' id='word_1_281' title='bbox 2491 3645 2691 3712; x_wconf 86' lang='lat' dir='ltr'>fuisse</span> 
     </span>
     <span class='ocr_line' id='line_1_32' title="bbox 347 3745 2688 3838; baseline -0.003 -19"><span class='ocrx_word' id='word_1_282' title='bbox 347 3755 744 3838; x_wconf 88' lang='lat' dir='ltr'>epigramma</span> <span class='ocrx_word' id='word_1_283' title='bbox 804 3746 970 3815; x_wconf 84' lang='lat' dir='ltr'>illud</span> <span class='ocrx_word' id='word_1_284' title='bbox 1023 3746 1196 3831; x_wconf 91' lang='lat' dir='ltr'>quod</span> <span class='ocrx_word' id='word_1_285' title='bbox 1262 3746 1495 3830; x_wconf 86' lang='lat' dir='ltr'>legitur</span> <span class='ocrx_word' id='word_1_286' title='bbox 1546 3747 1721 3830; x_wconf 83' lang='lat' dir='ltr'>apud</span> <span class='ocrx_word' id='word_1_287' title='bbox 1777 3748 2071 3812; x_wconf 74' lang='lat' dir='ltr'>Tzetzam</span> <span class='ocrx_word' id='word_1_288' title='bbox 2128 3745 2404 3813; x_wconf 85' lang='lat' dir='ltr'>Ohiliad.</span> <span class='ocrx_word' id='word_1_289' title='bbox 2461 3748 2526 3831; x_wconf 87' lang='grc' dir='ltr'>Ι,</span> <span class='ocrx_word' id='word_1_290' title='bbox 2585 3752 2688 3813; x_wconf 84' lang='grc'><strong>24.</strong></span> 
     </span>
     <span class='ocr_line' id='line_1_33' title="bbox 350 3846 2688 3937; baseline -0.003 -16"><span class='ocrx_word' id='word_1_291' title='bbox 350 3858 566 3937; x_wconf 87' lang='grc'><strong>(635.).</strong></span> <span class='ocrx_word' id='word_1_292' title='bbox 652 3854 889 3920; x_wconf 86' lang='lat' dir='ltr'>Postea</span> <span class='ocrx_word' id='word_1_293' title='bbox 927 3850 1011 3916; x_wconf 91' lang='lat' dir='ltr'>ab</span> <span class='ocrx_word' id='word_1_294' title='bbox 1054 3848 1475 3933; x_wconf 77' lang='lat' dir='ltr'>Agrigentino</span> <span class='ocrx_word' id='word_1_295' title='bbox 1519 3847 1795 3932; x_wconf 87' lang='lat' dir='ltr'>quodam</span> <span class='ocrx_word' id='word_1_296' title='bbox 1852 3847 2014 3914; x_wconf 88' lang='lat' dir='ltr'>duce</span> <span class='ocrx_word' id='word_1_297' title='bbox 2070 3846 2395 3927; x_wconf 87' lang='lat' dir='ltr'>(Phoenici</span> <span class='ocrx_word' id='word_1_298' title='bbox 2452 3868 2688 3915; x_wconf 89' lang='lat' dir='ltr'>nomen</span> 
     </span>
     <span class='ocr_line' id='line_1_34' title="bbox 345 3946 2688 4037; baseline -0.004 -14"><span class='ocrx_word' id='word_1_299' title='bbox 345 3958 489 4035; x_wconf 86' lang='lat' dir='ltr'>fnit)</span> <span class='ocrx_word' id='word_1_300' title='bbox 534 3957 811 4022; x_wconf 91' lang='lat' dir='ltr'>dirutum</span> <span class='ocrx_word' id='word_1_301' title='bbox 853 3951 1215 4037; x_wconf 90' lang='lat' dir='ltr'>sepulcrum</span> <span class='ocrx_word' id='word_1_302' title='bbox 1259 3956 1357 4017; x_wconf 90' lang='lat' dir='ltr'>est</span> <span class='ocrx_word' id='word_1_303' title='bbox 1398 3969 1435 4015; x_wconf 93' lang='lat' dir='ltr'>e</span> <span class='ocrx_word' id='word_1_304' title='bbox 1462 3946 1923 4033; x_wconf 87' lang='lat' dir='ltr'>ruderibusque</span> <span class='ocrx_word' id='word_1_305' title='bbox 1963 3949 2151 4015; x_wconf 87' lang='lat' dir='ltr'>turris</span> <span class='ocrx_word' id='word_1_306' title='bbox 2194 3950 2512 4033; x_wconf 87' lang='lat' dir='ltr'>quaedam</span> <span class='ocrx_word' id='word_1_307' title='bbox 2540 3960 2688 4016; x_wconf 82' lang='lat' dir='ltr'>con-</span> 
     </span>
     <span class='ocr_line' id='line_1_35' title="bbox 347 4046 2687 4141; baseline -0.005 -15"><span class='ocrx_word' id='word_1_308' title='bbox 347 4066 602 4141; x_wconf 86' lang='lat' dir='ltr'>structa,</span> <span class='ocrx_word' id='word_1_309' title='bbox 648 4075 814 4140; x_wconf 89' lang='lat' dir='ltr'>quae</span> <span class='ocrx_word' id='word_1_310' title='bbox 854 4050 1210 4138; x_wconf 87' lang='lat' dir='ltr'>capiendae</span> <span class='ocrx_word' id='word_1_311' title='bbox 1248 4048 1355 4118; x_wconf 84' lang='lat' dir='ltr'>vel</span> <span class='ocrx_word' id='word_1_312' title='bbox 1397 4050 1574 4117; x_wconf 80' lang='lat' dir='ltr'>urbis</span> <span class='ocrx_word' id='word_1_313' title='bbox 1601 4046 1709 4118; x_wconf 88' lang='lat' dir='ltr'>vel</span> <span class='ocrx_word' id='word_1_314' title='bbox 1748 4051 1914 4117; x_wconf 86' lang='lat' dir='ltr'>arcis</span> <span class='ocrx_word' id='word_1_315' title='bbox 1943 4049 2341 4117; x_wconf 87' lang='lat' dir='ltr'>occasionem</span> <span class='ocrx_word' id='word_1_316' title='bbox 2370 4049 2687 4136; x_wconf 88' lang='lat' dir='ltr'>praebuit.</span> 
     </span>
     <span class='ocr_line' id='line_1_36' title="bbox 346 4151 2684 4250; baseline -0.004 -23"><span class='ocrx_word' id='word_1_317' title='bbox 346 4161 614 4228; x_wconf 82' lang='lat' dir='ltr'>Factum</span> <span class='ocrx_word' id='word_1_318' title='bbox 657 4177 800 4224; x_wconf 90' lang='lat' dir='ltr'>esse</span> <span class='ocrx_word' id='word_1_319' title='bbox 852 4155 1108 4221; x_wconf 86' lang='lat' dir='ltr'>videtur</span> <span class='ocrx_word' id='word_1_320' title='bbox 1158 4159 1292 4219; x_wconf 87' lang='lat' dir='ltr'>tum</span> <span class='ocrx_word' id='word_1_321' title='bbox 1347 4172 1489 4220; x_wconf 90' lang='lat' dir='ltr'>cum</span> <span class='ocrx_word' id='word_1_322' title='bbox 1547 4153 1672 4220; x_wconf 92' lang='lat' dir='ltr'>Dio</span> <span class='ocrx_word' id='word_1_323' title='bbox 1728 4151 2186 4219; x_wconf 85' lang='lat' dir='ltr'>auxiliantibus</span> <span class='ocrx_word' id='word_1_324' title='bbox 2227 4151 2684 4250; x_wconf 74' lang='lat' dir='ltr'>Agrigentinis²</span> 
     </span>
     <span class='ocr_line' id='line_1_37' title="bbox 349 4252 2690 4348; baseline -0.006 -18"><span class='ocrx_word' id='word_1_325' title='bbox 349 4263 703 4348; x_wconf 87' lang='lat' dir='ltr'>Syracusas</span> <span class='ocrx_word' id='word_1_326' title='bbox 746 4255 1161 4343; x_wconf 85' lang='lat' dir='ltr'>oppugnavit.</span> <span class='ocrx_word' id='word_1_327' title='bbox 1205 4252 1398 4320; x_wconf 91' lang='lat' dir='ltr'>Diod.</span> <span class='ocrx_word' id='word_1_328' title='bbox 1439 4253 1617 4337; x_wconf 89' lang='lat' dir='ltr'>XVI,</span> <span class='ocrx_word' id='word_1_329' title='bbox 1665 4257 1723 4318; x_wconf 94' lang='grc'>9.</span> <span class='ocrx_word' id='word_1_330' title='bbox 1779 4253 1946 4319; x_wconf 90' lang='lat' dir='ltr'>Plut.</span> <span class='ocrx_word' id='word_1_331' title='bbox 1975 4253 2167 4319; x_wconf 87' lang='lat' dir='ltr'>Dion.</span> <span class='ocrx_word' id='word_1_332' title='bbox 2198 4257 2300 4319; x_wconf 80' lang='lat'>26.</span> <span class='ocrx_word' id='word_1_333' title='bbox 2353 4254 2514 4319; x_wconf 90' lang='lat' dir='ltr'>Rem</span> <span class='ocrx_word' id='word_1_334' title='bbox 2544 4273 2690 4318; x_wconf 89' lang='lat' dir='ltr'>nar-</span> 
     </span>
    </p>
   </div>
   <div class='ocr_carea' id='block_1_5' title="bbox 349 4352 2691 4508">
    <p class='ocr_par' dir='ltr' id='par_1_6' title="bbox 349 4352 2691 4508">
     <span class='ocr_line' id='line_1_38' title="bbox 349 4352 2691 4489; baseline -0.005 -59"><span class='ocrx_word' id='word_1_335' title='bbox 349 4364 518 4430; x_wconf 85' lang='lat' dir='ltr'>ravit</span> <span class='ocrx_word' id='word_1_336' title='bbox 560 4361 795 4429; x_wconf 84' lang='lat' dir='ltr'>Suidas</span> <span class='ocrx_word' id='word_1_337' title='bbox 840 4365 913 4440; x_wconf 91' lang='lat' dir='ltr'>(s.</span> <span class='ocrx_word' id='word_1_338' title='bbox 948 4379 1009 4424; x_wconf 84' lang='lat' dir='ltr'>v.</span> <span class='ocrx_word' id='word_1_339' title='bbox 1054 4352 1481 4440; x_wconf 77' lang='grc' dir='ltr'>Σιμωνίδης),</span> <span class='ocrx_word' id='word_1_340' title='bbox 1528 4356 1634 4438; x_wconf 92' lang='lat' dir='ltr'>qui</span> <span class='ocrx_word' id='word_1_341' title='bbox 1678 4355 1868 4421; x_wconf 86' lang='lat' dir='ltr'>simul</span> <span class='ocrx_word' id='word_1_342' title='bbox 1908 4355 2331 4489; x_wconf 60' lang='lat' dir='ltr'>fragmentum</span> <span class='ocrx_word' id='word_1_343' title='bbox 2375 4355 2691 4438; x_wconf 88' lang='lat' dir='ltr'>epigram-</span> 
     </span>
     <span class='ocr_line' id='line_1_39' title="bbox 2187 4458 2246 4508; baseline -0.017 0"><span class='ocrx_word' id='word_1_344' title='bbox 2187 4458 2246 4508; x_wconf 69' lang='grc' dir='ltr'>ιτ</span> 
     </span>
    </p>
   </div>
  </div>
 </body>
</html>
