3499 5219
763 585 1062 668 exempla
1116 585 1342 650 habuit
1399 583 1786 666 sapientiae,
1847 583 2204 662 doctrinae,
2263 581 2554 664 pietatis,
2618 587 2682 647 et
2722 583 3104 652 fortissimae

762 686 942 770 fidei3
1001 686 1388 770 sapientiae,
1447 687 1832 750 avunculum
1875 683 2267 749 Fridericum
2311 683 2683 767 Sapientem
2698 733 2715 767 ,
2774 685 3102 754 doctrinae

762 789 1102 872 Georgium
1147 789 1648 869 Burckhartum,
1706 787 2112 869 Spalatinum
2129 834 2146 867 ,
2206 785 2599 868 (magistrum
2655 788 2982 870 egregium
3034 790 3103 854 in

759 892 989 956 litteris
1051 890 1521 972 humanitatis),
1592 889 1851 972 pietatis
1909 895 1974 954 et
2027 888 2338 954 castitatis
2396 888 2730 970 coniugem
2784 889 3101 974 Sibyllam

643 1003 648 1009 “
762 993 1179 1073 Cliviensem,
1241 998 1442 1056 ortam
1487 1010 1568 1056 ex
1611 991 2042 1056 illustrissima
2083 996 2276 1072 gente
2319 989 2652 1054 Godefridi
2694 991 3101 1074 Bilionensis,

758 1096 930 1177 regis
991 1094 1576 1177 Hierosolymorum
1592 1141 1609 1174 ,
1682 1092 2072 1157 fortitudinis
2143 1098 2357 1156 autem
2421 1098 2485 1156 et
2545 1090 2695 1156 fidei
2758 1093 3100 1159 Mal-tinum

760 1198 1108 1262 Lutherum
1123 1243 1139 1278 ,
1214 1214 1430 1276 quem,
1491 1194 1875 1259 reformatae
1931 1194 2241 1259 ecclesiae
2295 1192 2650 1276 auspicem,
2708 1216 2824 1278 pro
2883 1195 3101 1261 divino

762 1299 1038 1382 quodam
1104 1304 1253 1362 vate
1324 1315 1575 1379 semper
1639 1296 1867 1361 habuit
1931 1296 2054 1377 ita,
2125 1301 2195 1359 ut
2258 1295 2428 1359 hunc
2492 1295 2678 1360 unice
2734 1304 3106 1378 sequeretur

759 1401 827 1466 in
882 1400 1072 1465 rebus
1134 1398 1369 1463 divinis
1424 1404 1746 1463 auctorem
1806 1404 1870 1463 et
1924 1398 2405 1480 praesultorem.
2492 1397 2663 1461 Nam
2720 1397 3104 1481 simulatque

759 1503 1075 1568 Lutherus
1133 1501 1452 1582 genuinae
1505 1500 1832 1580 religionis
1889 1499 2276 1564 christianae
2330 1498 2533 1563 facem
2592 1499 2895 1581 praetulit
2950 1500 3104 1566 Ger-

758 1604 1032 1684 maniae,
1078 1601 1164 1666 ad
1206 1602 1396 1681 hunc,
1442 1607 1747 1682 tanquam
1790 1600 1878 1664 ad
1905 1600 2293 1665 clarissimos
2323 1601 2814 1683 septentriones,
2860 1602 3105 1684 navigii

761 1705 856 1770 sui
898 1724 1148 1769 cursum
1195 1703 1429 1767 direxit
1470 1721 1678 1783 neque
1721 1722 2002 1783 unquam
2046 1722 2088 1766 a
2128 1708 2300 1766 recto
2341 1703 2464 1767 hoc
2503 1703 2757 1768 tramite
2789 1703 3102 1769 discessit.

760 1806 927 1871 Vere
987 1812 1202 1869 autem
1262 1803 1387 1868 dici
1442 1809 1684 1887 potest,
1757 1822 2009 1868 omnem
2076 1801 2590 1868 reformationem
2646 1806 3099 1888 germanicam,

760 1926 1123 1990 quanquam
1178 1906 1601 1970 Lutherorum
1661 1911 1725 1969 et
1779 1904 2343 1969 Melanchthonum
2402 1905 2636 1969 virtute
2692 1913 2756 1971 et
2811 1907 3104 1972 doctrina

760 2009 1129 2089 excitatam,
1193 2007 1260 2070 vi
1323 2014 1539 2072 tamen
1601 2025 2058 2088 compressam,
2132 2026 2217 2071 ne
2281 2005 2490 2070 dicam
2554 2007 2842 2072 funditus
2906 2008 3103 2074 fuisse

760 2111 1070 2190 deletam,
1118 2109 1244 2173 nisi
1286 2103 1705 2174 IOHANNIS
1749 2107 2193 2172 FRIDERIOI
2237 2109 2611 2174 accessisset
2651 2110 2995 2174 auctoritas
3039 2117 3106 2175 et

759 2211 1150 2295 martyrium.

928 2313 1271 2376 Fateamur
1326 2312 1497 2376 enim
1555 2330 1820 2377 necesse
1871 2318 1997 2392 est,
2057 2311 2440 2392 GermanOS,
2501 2310 2581 2376 de
2625 2331 2891 2393 quorum
2932 2312 3105 2376 forti-

759 2414 981 2479 tudine
1022 2433 1210 2478 nemo
1258 2413 1591 2495 dubitavit,
1636 2414 1800 2477 nihil
1842 2412 1976 2479 fere
2017 2414 2208 2479 rebus
2252 2413 2450 2495 gestis
2481 2413 2763 2495 potuisse
2793 2421 2857 2478 et
2885 2414 3097 2493 armis,

759 2516 885 2580 nisi
926 2515 1269 2597 imperatos
1313 2535 1354 2577 a
1395 2514 1702 2597 principe.
1801 2516 1949 2580 Non
1995 2514 2135 2579 dico
2180 2515 2301 2580 hoc
2345 2522 2573 2579 natura
2614 2515 2799 2579 nobis
2840 2515 3100 2580 insitum

761 2638 923 2699 esse,
970 2617 1086 2682 sed
1126 2619 1320 2698 longo
1364 2637 1500 2699 usu,
1544 2617 1699 2683 inde
1740 2639 1782 2682 a
1824 2619 2033 2682 Taciti
2075 2618 2486 2700 temporibus,
2544 2617 2634 2682 ita
2678 2617 2860 2699 quasi
2903 2618 3102 2700 possi-

762 2720 1002 2785 demur.
1110 2718 1340 2783 Effecit
1405 2718 1529 2782 hoc
1602 2718 1899 2784 diuturna
1965 2720 2296 2784 nationum
2363 2719 2867 2801 germanicarum
2936 2719 3101 2785 inter

759 2828 962 2889 semet
1027 2822 1202 2904 ipsas
1269 2819 1589 2885 dimicatio
1656 2828 1720 2886 et
1783 2821 2134 2902 contentiO,
2206 2841 2333 2902 qua
2395 2841 2559 2885 unus
2622 2821 2896 2903 populus
2961 2842 3103 2887 esse

765 2922 1168 2988 desuevimus
1183 2970 1199 3003 ,
1261 2920 1411 2984 dum
1467 2923 1632 2987 alter
1684 2924 1871 2989 alteri
1929 2922 2303 2987 diffidimus:
2358 2922 2512 2988 inde
2567 2923 2800 3004 exigua
2855 2930 3100 2988 tantum

762 3024 949 3089 nobis
1013 3023 1180 3088 inest
1234 3023 1435 3088 nostri
1489 3022 1720 3089 fiducia
1774 3045 2137 3107 parvusque
2193 3024 2443 3089 animus
2500 3025 2662 3088 tanti
2717 3026 2940 3107 populi
2992 3026 3101 3091 ad·

759 3145 982 3190 versus
1024 3125 1308 3189 internos
1345 3132 1407 3189 et
1451 3132 1748 3191 externos
1791 3128 2039 3208 hostes,
2098 3127 2223 3191 nisi
2282 3134 2526 3191 erectus
2583 3127 2665 3191 sit
2708 3133 2772 3191 et
2814 3127 3101 3193 corrobo-

758 3233 934 3292 ratus
976 3248 1017 3290 a
1058 3227 1362 3309 principe.
1435 3227 1714 3292 Proinde
1743 3235 1975 3309 autem,
2022 3229 2132 3292 ubi
2160 3229 2457 3311 princeps
2486 3226 2745 3309 quidam
2777 3226 3002 3293 ducem
3032 3249 3101 3295 se

760 3328 945 3393 nobis
987 3328 1363 3392 monstravit
1405 3336 1469 3394 et
1512 3329 1903 3411 signiferum,
1949 3331 2196 3395 alacres
2239 3331 2517 3395 solemus
2561 3329 2646 3393 ad
2674 3349 2854 3394 arma
2881 3331 3101 3395 volare

759 3430 1125 3511 fortiterque
1182 3450 1486 3512 pugnare.
1588 3432 1839 3496 Bonum
1891 3432 2087 3514 igitur
2139 3430 2373 3496 factum
2430 3429 2601 3512 quod
2658 3429 3101 3498 IOHANNES

759 3530 1274 3597 FRIDERIOVS
1318 3539 1656 3614 patronum
1701 3552 1772 3598 se
1815 3533 2138 3615 professus
2172 3540 2269 3599 est
2296 3532 2740 3598 reformandae
2771 3535 3097 3615 ecclesiae,

759 3653 891 3697 non
932 3633 1174 3715 gloriae
1217 3632 1518 3715 cupidine
1564 3632 1816 3714 ductus,
1876 3655 2007 3699 non
2060 3635 2243 3717 regni
2293 3633 2725 3717 amplificandi
2768 3634 3096 3716 aviditate,

760 3733 877 3799 sed
940 3735 1079 3798 sola
1131 3734 1221 3799 rei
1277 3735 1547 3800 veritate
1603 3741 1667 3799 et
1724 3736 2063 3801 sanctitate
2126 3735 2548 3801 confirmatus.
2646 3734 2833 3801 Hanc
2888 3743 3099 3802 autem

757 3837 993 3917 longae
1035 3836 1272 3902 tutelae
1314 3836 1691 3919 patientiam
1706 3885 1722 3918 ,
1785 3837 1840 3902 si
1881 3837 2105 3901 vitium
2149 3857 2293 3903 esse
2351 3836 2569 3900 dicunt
2609 3836 2846 3901 novicii
2861 3886 2877 3919 ,
2937 3858 3101 3903 com-

759 3956 1033 4019 pensare
1075 3937 1328 4003 videtur
1366 3957 1605 4020 magna
1644 3938 1762 4003 illa
1802 3937 1981 4020 fides,
2027 3959 2218 4020 quam
2248 3957 2628 4003 conservare
2658 3940 3100 4005 consuevimus

760 4039 1153 4122 principibus
1208 4038 1486 4104 adversa
1537 4039 1792 4104 fortuna
1848 4040 2189 4122 oppressis.
2281 4040 2627 4120 Vtrumque
2675 4038 2868 4120 igitur
2909 4041 3101 4106 refor-

758 4141 1105 4206 mationem
1178 4141 1432 4221 egregie
1499 4140 1745 4205 adiuvit
1817 4141 2320 4221 sustentavitque
2337 4139 2383 4221 ,'
2439 4139 2858 4206 IOHANNIS
2931 4142 3101 4206 FRI-

760 4242 1059 4307 DERIOI
1114 4242 1344 4306 alacris
1400 4243 1764 4324 praecursio
1820 4247 1884 4307 et
1939 4239 2356 4308 IOHANNIS
2412 4241 2855 4308 FRIDERIOI
2910 4243 3102 4307 infor·

758 4343 1024 4407 tunium.
