3499 5219
1268 493 1396 499 ——-
1495 460 1611 519 147
1703 491 1835 498 ——

380 623 642 704 derunt,
715 624 784 688 in
854 623 1155 689 thesauro
1226 626 1572 690 memoriae
1644 630 1714 688 ut
1781 631 2100 708 reponant
2165 626 2515 707 optandum
2576 628 2729 692 erit:

384 721 420 788 ὁ
470 719 680 803 ὀρθὸς
724 724 889 809 ἔρως
931 730 1187 810 πέφυκε
1229 731 1505 808 κοσμίου
1550 727 1659 790 καὶ
1724 727 1927 789 καλοῦ
1986 725 2350 810 σωφρόνως
2402 730 2511 791 καὶ
2566 752 2731 806 μου-

275 884 288 895 .
380 829 581 903 σικῶς
641 826 824 908 &qam
881 829 951 892 in
994 828 1224 910 quibus
1269 825 1663 912 σωφρόνως,
1729 828 1773 892 i.
1819 847 1874 893 e.
1918 834 2126 909 caste,
2183 828 2462 911 pertinet
2515 829 2601 894 ad
2660 830 2730 895 id

381 930 553 1013 quod
608 924 884 1009 κόσμιον
938 949 1053 995 seu
1084 931 1446 996 -honestum
1500 929 1693 1011 dixit,
1766 934 2098 1009 μουσικῶς
2167 930 2251 995 ad
2323 928 2521 994 καλόν
2593 931 2733 997 sive

377 1033 736 1116 pulchrum.
822 1030 954 1097 Sed
994 1032 1326 1113 μουσικῶς
1376 1028 1532 1116 ἐρᾶν
1589 1030 1740 1113 quid
1802 1032 1884 1096 sit
1939 1051 2128 1098 nemo
2185 1037 2358 1098 recte
2412 1032 2735 1116 intelligat

378 1133 505 1199 nisi
549 1134 654 1216 qui
699 1133 946 1217 graecis
987 1133 1216 1199 litteris
1258 1133 1544 1199 initiatus
1583 1133 1683 1198 sit.
1778 1133 2035 1198 Platoni
2089 1134 2261 1200 enim
2321 1127 2383 1194 ὃ·
2414 1132 2730 1212 μουσικὸς

381 1235 548 1314 ἔρως
591 1242 689 1301 est
729 1236 786 1301 is
829 1236 935 1318 qui
978 1236 1178 1300 Musis
1232 1255 1302 1301 se
1357 1236 1641 1318 applicet
1692 1234 1978 1318 ipsisque
2032 1237 2287 1318 placeat
2341 1233 2586 1300 deabus
2635 1235 2730 1302 in-

382 1338 814 1420 dagatricibus
843 1357 956 1403 seu
984 1336 1388 1419 philosophis
1415 1337 1838 1420 poeticisque3
1870 1335 1962 1401 sic
1990 1336 2161 1402 enim
2190 1336 2415 1402 Musae
2443 1338 2730 1431 audiunt,

247 1460 253 1465 ⁴
379 1440 437 1505 si
464 1440 952 1522 originationem
980 1438 1259 1503 nominis
1288 1439 1697 1521 spectaveris.
1747 1439 1919 1520 Ergo
1947 1439 2280 1517 μουσικῶς
2310 1435 2466 1523 ἐρᾶν
2499 1438 2730 1506 dicitur

380 1549 693 1625 appetere
733 1560 876 1605 cum
921 1539 1092 1604 omni
1136 1540 1203 1604 vi
1245 1539 1512 1604 rationis
1555 1545 1619 1604 et
1658 1538 2147 1622 intelligentiae.
2230 1538 2352 1604 Hic
2391 1539 2586 1622 igitur
2628 1546 2728 1607 est

379 1663 564 1708 amor
605 1641 915 1724 Platonis,
960 1662 1091 1707 non
1133 1642 1191 1707 is
1234 1661 1422 1724 quem
1465 1641 1659 1724 volgo
1701 1661 1819 1723 pro
1863 1640 2185 1724 platonico
2227 1639 2584 1706 venditant.

551 1744 762 1827 Atque
818 1744 939 1808 hoc
994 1744 1235 1808 musico
1294 1743 1584 1808 Platonis
1637 1762 1885 1825 amore,
1943 1762 2067 1825 quo
2124 1742 2232 1825 qui
2286 1749 2583 1808 tenentur
2631 1743 2731 1809 fir-

376 1847 731 1911 missimum
784 1845 1030 1910 habent
1082 1844 1256 1909 vitae
1310 1844 1736 1928 praesidium,
1793 1844 2085 1927 inprimis
2139 1834 2437 1927 flagravit
2479 1845 2555 1923 Q.
2601 1846 2728 1909 Ho-

376 1951 580 2013 ratius
639 1947 816 2012 cuius
857 1966 1015 2030 prae
1058 1946 1205 2011 aliis
1247 1946 1317 2010 in
1358 1945 1529 2011 hanc
1568 1966 1705 2012 rem
1751 1945 2074 2029 egregium
2118 1952 2217 2012 est
2258 1966 2513 2013 carmen
2557 1945 2729 2029 quod

378 2070 552 2115 nunc
606 2054 974 2115 numeratur
1032 2055 1325 2130 quartum
1367 2048 1516 2113 libri
1558 2047 1759 2130 tertii,
1815 2048 1883 2112 in
1927 2068 2051 2130 quo
2095 2049 2392 2131 exposuit
2433 2067 2578 2115 eum
2620 2049 2729 2131 qui

382 2152 601 2216 Musas
645 2150 873 2233 diligat
916 2149 1346 2231 diligaturque
1394 2169 1609 2215 rursus
1653 2170 1694 2214 a
1735 2150 1935 2215 Musis
1949 2196 1967 2231 ,
2028 2149 2410 2215 tutissimum
2466 2150 2561 2216 ire
2615 2169 2732 2233 per

380 2253 598 2317 omnia
638 2252 926 2336 pericula
970 2271 1134 2334 quae
1176 2250 1376 2315 vitam
1418 2250 1746 2316 hominum
1788 2250 2109 2318 infestent.
2198 2252 2541 2335 Egregium
2591 2250 2727 2315 dixi

379 2355 628 2420 Horatii
671 2373 929 2419 carmen
974 2360 1037 2418 et
1077 2372 1335 2437 prorsus
1376 2352 1445 2417 id
1488 2352 1813 2419 videretur
1839 2353 2215 2436 perductum
2244 2352 2330 2417 ad
2360 2353 2726 2417 umbilicum

380 2477 542 2538 esse,
589 2456 712 2521 nisi
754 2456 973 2539 paullo
1017 2454 1377 2521 remissiore
1397 2452 1568 2519 'stilo
1610 2454 1935 2520 allusisset
1963 2461 2091 2519 tres
2120 2455 2417 2537 strophas
2446 2455 2723 2520 ultimas.

379 2558 497 2625 His
541 2558 713 2624 enim
757 2555 910 2641 quid
953 2556 1132 2623 aliud
1176 2555 1387 2623 effecit
1429 2574 1618 2639 quam
1651 2563 1907 2622 auctum
1937 2558 2372 2640 exemplorum
2404 2557 2726 2622 cumulum

381 2681 548 2745 quae
591 2660 834 2726 maiore
875 2679 1019 2725 cum
1060 2659 1393 2742 voluptate
1434 2658 1812 2740 legissemus
1868 2678 1946 2724 eo
1990 2659 2131 2724 loco
2177 2679 2301 2742 quo
2343 2658 2724 2743 Typhoeum

379 2764 755 2829 Mimantem
811 2767 1182 2844 ceterosque
1236 2760 1515 2826 nefarios
1557 2760 1731 2825 Iovis
1785 2765 1849 2826 et
1893 2758 2156 2827 deorum
2199 2761 2570 2826 coelestium
2611 2760 2726 2825 im-

377 2870 767 2949 pugnatores
829 2861 1482 2929 commemora‘verat‘?
1567 2861 1756 2926 Nunc
1817 2867 2033 2928 autem
2102 2869 2248 2946 post
2319 2861 2722 2944 magnificam

378 2966 732 3031 clausulam
776 2964 1107 3047 carminis,
1165 2984 1330 3047 quae
1386 2963 1623 3029 desinit
1673 2962 1741 3026 in
1797 2982 1989 3029 versu
2045 2984 2223 3027 omne
2278 2964 2460 3046 nefas
2516 2966 2721 3026 animo

377 3076 705 3138 moventes,
754 3066 936 3148 quasi
980 3086 1173 3149 supra
1214 3066 1437 3131 fuisset
1465 3065 1719 3146 oblitus,
1766 3083 1849 3131 ea
1873 3072 2021 3148 post
2046 3064 2300 3146 addidit
2328 3083 2494 3148 quae
2521 3070 2720 3129 totam

376 3170 508 3233 vim
553 3168 854 3234 carminis
898 3167 1062 3233 adeo
1103 3168 1399 3250 frangere
1439 3164 1739 3231 videntur
1753 3213 1770 3248 ‚
1814 3172 1886 3231 ut
1926 3186 2079 3233 vere
2123 3166 2249 3233 dici
2291 3165 2374 3232 de
2414 3173 2546 3231 toto
2591 3186 2724 3232 car-

377 3271 552 3337 mine
594 3270 825 3356 possit:
878 3270 1107 3332 desinit
1144 3270 1209 3331 in
1248 3270 1478 3352 piscem
1520 3268 1745 3331 mulier·
1767 3266 2070 3350 formosa
2113 3289 2397 3353 superne.
2485 3268 2723 3334 Verum

379 3373 464 3439 de
504 3373 609 3439 his
650 3372 928 3456 strophis
945 3419 962 3453 ,
1007 3371 1075 3436 in
1118 3370 1347 3454 quibus
1389 3389 1520 3435 non
1562 3389 1772 3453 pauca
1812 3376 1961 3435 sunt
2001 3377 2337 3453 praeterea
2379 3389 2544 3453 quae
2586 3370 2722 3434 ani-

376 3496 550 3540 mum
593 3473 966 3556 advertant,
1023 3492 1193 3537 nunc
1233 3472 1385 3537 nolo
1431 3470 1644 3537 dicere
1686 3472 1975 3554 uberius,
2035 3472 2151 3539 sed
2207 3472 2417 3537 dicam
2469 3471 2550 3537 de
2593 3492 2721 3537 uno

376 3577 518 3642 loco
576 3575 876 3641 carminis
930 3572 1281 3658 magnifici,
1342 3573 1449 3656 qui
1504 3573 1775 3657 turpiter
1825 3580 1922 3639 est
1964 3581 2312 3658 corruptus.
2400 3574 2505 3639 Sic
2549 3574 2720 3639 enim

377 3678 491 3745 ille
533 3678 725 3761 volgo
767 3676 1031 3760 legitur:

788 3819 845 3875 9.
912 3813 1007 3872 Me
1052 3812 1357 3873 fabulosae
1400 3812 1649 3873 Volture
1693 3812 1753 3873 in
1794 3812 1992 3889 Apulo
2011 3812 2052 3886 ¹)

910 3898 1154 3957 Altricis
1197 3902 1368 3957 extra
1408 3897 1585 3958 limen
1627 3899 1890 3974 Apuliae

992 3982 1161 4043 Ludo
1203 3982 1631 4062 fatigatumque
1674 4001 1875 4042 somno

1081 4069 1317 4128 Fronde
1359 4085 1515 4128 nova
1555 4085 1806 4144 puerum
1848 4068 2156 4144 palumbes

912 4153 1162 4213 Texere.

512 4424 550 4487 ¹)
589 4422 779 4488 Apulia
813 4422 961 4472 Mort.
1000 4419 1138 4485 XIV,
1181 4421 1290 4471 155.

2214 4504 2309 4556 10*
