3499 5219
1691 418 1827 425 -,
1912 380 1995 443 95
2098 418 2215 423 „—

784 549 1099 632 Apparuit
1141 549 1347 631 igitur,
1392 548 1460 612 in
1505 549 1691 614 unius
1734 548 1855 613 viri
1897 550 2252 630 maiestate,
2315 549 2576 631 eiusque
2620 550 2878 633 captivi,
2935 550 3131 617 fixisse

786 652 1058 716 salutem
1114 651 1401 716 liberalis
1458 649 1626 716 fidei.
1728 650 1945 717 Sensit
2008 652 2195 716 huius
2250 651 2345 716 rei
2403 653 2783 732 gravitatem
2839 650 3129 739 Caesaris

784 753 1175 835 indignatio,
1234 754 1369 835 qui,
1427 760 1764 836 postquam
1807 753 1998 817 minis
2038 753 2273 817 frustra
2315 760 2625 820 tentasset
2666 753 2787 817 viri
2830 754 3129 820 innocen-

785 856 940 920 tiam
1000 862 1063 920 et
1117 856 1509 936 lacessisset,
1569 852 1958 937 Oeniponte,
2019 875 2141 937 quo
2200 857 2340 919 loco
2395 861 2623 938 postea
2664 856 3126 939 continebatur,

785 958 892 1023 vel
934 957 1153 1022 bibliis
1198 957 1610 1036 Lutheranis,
1655 956 1919 1039 picturis
1960 957 2178 1021 Lucae
2223 956 2670 1039 Cranacensis,
2717 956 2827 1022 fidi
2870 958 3133 1024 Achatis

786 1058 1206 1125 IOHANNIS
1249 1058 1722 1140 FRIDERICI,
1782 1060 2053 1140 ornatis,
2116 1057 2345 1140 quibus
2401 1059 2515 1123 ille
2557 1059 2840 1141 quotidie
2883 1059 3131 1125 solebat

786 1163 898 1243 uti,
945 1182 1088 1227 eum
1131 1162 1314 1227 iussit
1355 1161 1612 1244 privari,
1658 1180 1741 1225 ne
1783 1180 2038 1225 venena
2079 1161 2233 1225 inde
2277 1168 2614 1242 exsugeret
2646 1162 3128 1226 violentissima.

788 1265 909 1329 Vel
954 1285 1030 1329 eo
1072 1264 1233 1328 nihil
1276 1269 1483 1326 motus
1526 1260 1971 1327 IOHANNES
2014 1261 2532 1328 FRIDERIOVS
2581 1263 2943 1347 respondit,
3003 1263 3132 1328 iam

789 1365 945 1431 satis
1017 1385 1088 1429 se
1143 1365 1265 1430 hoc
1321 1385 1569 1429 veneno
1627 1364 1938 1428 imbutum
1999 1382 2171 1444 esse,
2246 1371 2317 1427 ut
2372 1364 2562 1428 facile
2620 1372 2837 1447 posset
2895 1386 3128 1431 carere.
3245 1403 3250 1406 -

789 1466 931 1544 Qua
974 1467 1305 1531 occasione
1349 1466 1662 1531 canticum
1705 1464 1871 1529 illud
1914 1465 2345 1548 composuisse
2389 1466 2686 1549 traditur,
2734 1467 3131 1533 admirabilis

789 1568 1248 1652 Spartanorum
1303 1565 1909 1654 καταφρονήματος
1963 1567 2224 1650 plenum
2242 1615 2258 1648 ,
2329 1568 2505 1632 cuius
2559 1569 2826 1633 alteram
2884 1576 3134 1653 partem

790 1669 1190 1735 commodum
1233 1669 1590 1734 audivimus
1633 1670 1903 1734 alteram
1945 1668 2281 1752 postmodo
2317 1670 2649 1734 cantaturi.
2723 1670 2898 1735 Illud
2924 1671 3132 1754 ipsum

790 1780 1002 1838 autem
1058 1773 1306 1836 illustre
1364 1779 1427 1835 et
1481 1770 1615 1835 fere
1682 1778 1973 1835 sanctum
2041 1771 2381 1835 bibliorum
2451 1773 2845 1855 exemplum,
2919 1773 3132 1838 tritum

790 1875 1088 1939 manibus
1153 1872 1424 1955 captivis
1490 1870 1910 1938 IOHANNIS
1975 1872 2445 1955 FRIDERICI,
2513 1875 2877 1939 etiamnunc
2933 1895 3133 1941 asser-

792 1983 977 2041 vatur
1016 1976 1087 2039 in
1129 1974 1518 2041 bibliotheca
1560 1981 1779 2039 nostra
1820 1974 2207 2039 academica.

962 2078 1093 2142 Sed
1135 2097 1265 2140 non
1309 2076 1464 2141 satis
1509 2095 1651 2141 esse
1693 2077 1945 2159 putavit
1986 2085 2118 2141 tam
2160 2078 2406 2143 fortiter
2436 2077 2674 2143 dixisse
2703 2078 3135 2143 testimonium

795 2179 878 2245 de
922 2179 1259 2243 sanctitate
1301 2178 1423 2258 rei,
1483 2197 1671 2259 quam
1728 2199 1860 2243 non
1902 2179 2172 2245 feliciter
2214 2179 2410 2244 armis
2452 2180 2614 2244 tueri
2659 2187 2922 2246 conatus
2966 2187 3133 2246 erat:

792 2282 997 2364 ipsam
1041 2280 1304 2345 Lutheri
1347 2280 1736 2362 doctrinam,
1798 2300 2016 2361 quam,
2064 2281 2185 2346 hoc
2227 2288 2507 2364 mortuo,
2554 2283 2736 2364 quasi
2777 2281 3135 2348 hereditate

794 2383 881 2446 ad
924 2402 994 2447 se
1037 2382 1356 2465 pertinere
1398 2389 1574 2446 ratus
1618 2389 1732 2463 est,
1781 2381 2135 2448 firmissime
2178 2384 2559 2449 constituere
2604 2390 2667 2448 et
2710 2384 2778 2448 in
2812 2391 3135 2467 posterum

795 2504 1155 2568 propagare
1198 2481 1456 2565 studuit,
1502 2502 1604 2564 ne,
1652 2484 1706 2548 si
1737 2484 1861 2549 sibi
1889 2485 2135 2568 aliquid
2163 2486 2429 2550 humani
2461 2485 2817 2566 accidisset,
2867 2485 3137 2570 deprimi

794 2593 1012 2671 posset
1056 2592 1119 2652 et
1162 2585 1499 2667 exstingui·
1586 2587 1731 2651 Duo
1786 2585 1977 2669 igitur
2022 2586 2314 2670 inprimis
2373 2588 2496 2653 sibi
2550 2586 2940 2672 perficienda
2996 2608 3137 2655 esse

797 2689 1071 2770 curavit,
1129 2695 1199 2752 ut
1242 2694 1306 2753 et
1347 2688 1596 2771 scriptis
1642 2695 1705 2754 et
1747 2690 1895 2753 vivo
1939 2690 2267 2754 hominum
2313 2710 2451 2771 ore,
2509 2709 2699 2771 quam
2745 2689 2879 2756 fieri
2922 2697 3139 2774 posset

794 2790 1132 2874 purissime
1187 2790 1620 2855 imbuerentur
1666 2796 2064 2873 posterorum
2108 2791 2323 2856 animi·
2412 2790 2752 2856 Constituit
2806 2793 3009 2873 enim,
3069 2798 3139 2856 ut

795 2894 917 2957 hoc
972 2898 1443 2974 assequeretur,
1517 2911 1753 2956 novam
1817 2892 2162 2957 editionem
2228 2893 2507 2958 omnium
2560 2894 2819 2958 Martini
2875 2895 3136 2961 Lutheri

798 3014 1059 3078 operum
1102 3013 1361 3077 parare,
1423 3000 1492 3057 ut
1550 2994 1685 3059 eius
1734 2994 1883 3075 viri,
1942 2994 2119 3059 cuius
2163 3015 2358 3058 unum
2402 2995 2666 3059 verbum
2710 2995 2855 3077 plus
2897 2996 3137 3061 habere

797 3116 1135 3160 nervorum
1206 3096 1366 3160 dixit
1436 3115 1628 3177 quam
1685 3096 1916 3178 longas
1972 3096 2291 3161 orationes
2348 3098 2788 3161 sexcentorum
2844 3098 3131 3178 aliorum,

796 3198 865 3261 in
921 3198 1200 3261 omnium
1255 3197 1550 3261 manibus
1606 3204 1777 3262 esset
1827 3198 2134 3262 doctrina.
2223 3198 2362 3261 Iam
2406 3205 2600 3263 antea
2644 3198 3135 3281 Vitebergenses

799 3298 1144 3364 editionem
1185 3299 1643 3363 inchoaverant
1686 3299 1972 3380 quidem,
2021 3299 2136 3363 sed
2180 3320 2309 3363 non
2353 3300 2768 3365 absolverunt
2809 3306 2962 3365 ante
3005 3299 3137 3364 fini-

796 3408 929 3465 tam
972 3421 1225 3465 novam.
1311 3400 1566 3465 Deinde
1609 3421 1844 3465 novam
1890 3401 2383 3465 Vniversitatem
2428 3403 2776 3467 litterarum
2821 3400 3137 3466 condendi

797 3503 1130 3567 consilium
1184 3502 1380 3584 cepit,
1436 3508 1506 3565 ut
1546 3502 1839 3585 inprimis
1884 3503 2292 3568 seminarium
2337 3510 2507 3572 esset
2545 3504 2865 3585 genuinae
2905 3504 3137 3569 Luthe-

797 3624 997 3669 ranae
1025 3603 1193 3668 fidei.
1270 3603 1437 3667 Nam
1468 3624 1660 3685 quum
1691 3604 2038 3687 Viteberga
2065 3605 2134 3668 in
2165 3604 2473 3670 ditionem
2500 3605 2787 3670 Mauricii
2824 3606 3132 3685 cessisset,

801 3706 909 3788 qui
960 3725 1259 3787 magnam
1304 3705 1615 3770 Electoris
1674 3707 2098 3790 suspicionem
2151 3713 2467 3788 moverat,
2527 3708 2708 3788 quasi
2765 3707 2882 3772 sub
2938 3707 3135 3772 oculis

800 3808 964 3887 suis,
1038 3808 1105 3871 in
1161 3807 1521 3871 libertatem
1576 3827 1652 3871 ac
1706 3808 1914 3873 lucem
1973 3808 2433 3873 extrahendam
2491 3828 2632 3874 esse
2686 3828 2921 3873 novam
2976 3809 3135 3873 arbi-

798 3915 1000 3973 tratus
1056 3915 1170 3974 est.
1268 3909 1445 3973 Haec
1501 3915 1714 3974 autem
1778 3908 2174 3975 Vniversitas
2237 3915 2334 3975 est
2388 3911 2545 3976 Iena
2601 3917 2851 3990 nostra,
2927 3930 3131 3993 quam,

800 4030 991 4093 quum
1034 4012 1102 4074 in
1146 4010 1415 4076 carceris
1457 4011 1738 4076 tenebris
1783 4018 1951 4076 esset
1991 4011 2122 4092 ille,
2169 4018 2233 4076 et
2267 4012 2580 4077 obnoxius
2624 4010 2934 4077 carnificis
2975 4011 3134 4077 arbi-

798 4112 940 4193 trio,
986 4112 1336 4177 liberaliter
1377 4132 1493 4194 pro
1534 4132 1603 4177 re
1645 4120 1802 4176 nata
1845 4133 1927 4177 ex
1967 4113 2181 4177 attrito
2212 4114 2408 4196 plane
2438 4114 2818 4198 patrimonio
2846 4112 3133 4177 instituit.

800 4214 1077 4279 Emersit
1140 4214 1331 4295 igitur
1386 4213 1455 4276 in
1510 4214 1718 4279 lucem
1772 4221 1991 4279 nostra
2051 4214 2381 4280 academia
2437 4237 2474 4282 e
2530 4215 2811 4281 tenebris
2867 4215 3135 4280 carceris

803 4313 1232 4399 Oenipontini.
1305 4316 1458 4398 Ipse
1498 4322 1711 4381 autem
1757 4317 2047 4398 egregius
2090 4318 2406 4401 princeps,
2452 4325 2597 4402 post
2639 4314 3136 4399 quinquennium
