3499 5219
1293 440 1421 445 ----
1519 408 1584 470 ¹1
1680 418 1870 461 -η

578 578 712 637 Heu
757 577 994 637 nimium
1039 576 1230 636 facilis
1274 576 1488 654 cupido
1535 577 1844 637 subscribo
1888 575 2094 653 sodali,

664 661 1027 741 Scandimus,
1073 665 1131 720 et
1174 661 1377 740 primis
1420 661 1676 721 molliter
1719 662 1867 720 imus
1913 662 2112 738 aquis:

577 747 808 807 Laudat
850 747 963 806 iter
1006 751 1278 823 coeptum
1319 746 1592 807 iuvenilis
1638 751 1696 807 et
1739 747 2031 823 adprobat
2074 746 2272 825 ardor,

662 834 791 892 Nec
834 833 975 909 iuga
1018 850 1173 908 quae
1217 850 1396 892 cursu
1440 831 1558 891 sint
1600 833 1938 910 superanda
1980 831 2170 891 videt:

576 919 860 979 Ludimus
902 918 1265 978 immemores
1311 917 1602 995 fortunae,
1648 917 2003 977 involvimur
2045 916 2227 995 horis,

663 1002 828 1077 Quae
873 1004 1031 1063 bona
1072 1003 1255 1063 mixta
1295 1003 1433 1061 mali
1477 1021 1610 1062 cum
1651 1003 1879 1063 ratione
1923 1002 2200 1080 trahunt;

576 1090 813 1149 Interea
854 1087 1123 1148 humanis
1165 1087 1496 1148 dominatur
1539 1090 1736 1165 rebus,
1784 1091 1842 1146 et
1883 1105 2103 1165 anceps

661 1172 827 1247 Quae
871 1178 1100 1251 premat
1142 1177 1277 1233 ante
1321 1174 1505 1250 pedes
1546 1177 1813 1250 tempora
1857 1191 2029 1232 casus
2070 1173 2283 1233 habet:

578 1260 803 1336 Cymba
846 1258 985 1317 mihi
1028 1259 1280 1335 primum
1323 1259 1471 1317 rasis
1516 1258 1777 1318 decurrit
1821 1258 2036 1337 arenis,

659 1345 736 1404 Et
779 1361 1015 1404 cursum
1061 1348 1320 1404 extremo
1363 1343 1599 1404 flumine
1642 1347 1772 1402 tuta
1813 1347 1995 1403 tenet.

577 1429 694 1490 Sed
739 1430 1016 1506 quoniam
1060 1431 1264 1489 deerat
1306 1429 1583 1489 versandi
1625 1429 1916 1488 industria
1958 1428 2123 1506 remi,

659 1516 737 1574 Et
777 1515 985 1575 modus
1029 1518 1324 1575 errantem
1368 1515 1471 1591 qui
1514 1514 1669 1591 regit
1710 1517 1838 1573 arte
1882 1513 2072 1573 viam:

575 1601 763 1661 Torta
804 1600 1162 1661 volubilibus
1204 1600 1490 1677 paulatim
1532 1599 1845 1660 abducitur
1889 1598 2086 1679 undis,-

657 1686 735 1745 Et
779 1686 987 1762 procul
1033 1705 1069 1745 a
1111 1689 1249 1744 noto
1294 1685 1489 1744 littore
1534 1685 1708 1762 pulsa
1748 1683 1963 1743 tremit.

573 1770 800 1830 Alveus
841 1771 989 1852 inde,
1022 1771 1152 1830 sinu
1198 1773 1529 1847 correptam
1573 1771 1851 1829 absorbet
1893 1769 1952 1827 in
1997 1769 2198 1846 altum,

658 1854 790 1929 Qua
831 1857 985 1915 vada
1029 1855 1304 1915 continuo
1347 1855 1572 1914 vortice
1617 1855 1791 1931 pulsa
1834 1858 2062 1913 sonant.

571 1942 825 2000 Hunnus
869 1945 934 2000 ut
976 1941 1235 2018 ambigui
1277 1940 1468 2000 fertur
1511 1940 1804 2017 vertigine
1850 1957 2080 2016 currus,

656 2028 736 2086 Vt
779 2027 1010 2103 rapitur
1054 2027 1235 2087 celeri
1280 2026 1447 2086 Oelta
1491 2029 1719 2086 rotatus
1764 2042 1941 2103 equo,

575 2111 671 2172 Sic
714 2111 884 2172 tortis
927 2111 1068 2172 mihi
1110 2112 1287 2171 linter
1329 2110 1520 2188 aquis,
1565 2110 1650 2171 sic
1692 2109 1929 2187 gurgite
1973 2108 2183 2168 crebro

658 2196 952 2275 Volvitur,
999 2201 1058 2256 et
1100 2196 1277 2255 dubio
1322 2196 1529 2273 pulsus
1571 2196 1631 2254 in
1676 2195 1819 2255 orbe
1865 2195 2044 2253 volat.

573 2284 708 2360 Ipse
754 2282 893 2341 mihi
935 2283 1170 2358 plumae
1215 2301 1325 2358 per
1367 2282 1539 2340 inane
1584 2279 1844 2340 volatilis
1888 2279 2076 2338 instar

656 2368 1000 2427 Extremum
1041 2367 1248 2426 videor
1291 2371 1478 2426 morte
1523 2366 1780 2425 minante
1826 2364 1977 2441 rapi.

572 2453 781 2513 Fundo
823 2456 1019 2511 tamen
1063 2470 1214 2528 quas
1256 2456 1450 2511 mente
1495 2469 1724 2529 preces,
1771 2468 1921 2526 quas
1961 2452 2203 2526 pectore
2250 2461 2509 2525 possum,

657 2538 915 2617 Imperio
959 2556 1137 2598 serva
1180 2556 1270 2597 me
1314 2537 1422 2598 tibi
1467 2536 1698 2597 Christe
1741 2539 1863 2595 tu0.

572 2625 775 2684 Audiit
815 2624 1060 2701 imperio
1104 2627 1314 2683 ventos
1360 2623 1461 2699 qui
1503 2627 1743 2699 torquet
1787 2625 1848 2682 et
1891 2619 2102 2699 undas,

659 2708 771 2783 Qui
817 2709 971 2769 freta
1013 2710 1110 2768 vel
1153 2709 1337 2769 verbo
1383 2727 1561 2768 saeva
1605 2708 1783 2768 silere
1828 2706 2007 2766 facit:

576 2796 792 2855 Flectit
834 2795 908 2855 ab
952 2795 1169 2861 infesta
1214 2796 1485 2869 cymbam
1529 2794 1689 2853 celer
1733 2793 1985 2868 impetus
2030 2788 2207 2867 unda,

660 2880 888 2956 Arripit
932 2884 991 2938 et
1034 2880 1213 2956 plano
1255 2879 1492 2937 flumine
1537 2896 1744 2938 rursus
1789 2878 1934 2935 iter:

578 2966 674 3026 Sic
717 2965 930 3025 sensim
974 2966 1261 3025 accedens
1304 2968 1568 3041 optatum
1610 2964 1687 3022 ad
1731 2962 1914 3038 littus,
1961 2962 2275 3034 utrumque

661 3052 946 3127 Elapsum
988 3050 1046 3109 in
1092 3049 1311 3110 medias
1355 3048 1702 3109 exoneravit
1744 3064 1962 3123 aquas:

576 3137 818 3213 Iamque
862 3135 1078 3194 vadum
1121 3135 1278 3195 nacti
1320 3135 1472 3195 votis
1517 3133 1869 3210 emergimus
1913 3128 2145 3205 amplis,

663 3221 1087 3296 Praesentique
1132 3220 1227 3280 dei
1271 3238 1477 3282 rursus
1521 3236 1763 3279 ovamus
1806 3235 1938 3293 ope.

540 3339 923 3420 Vitebergae
967 3337 1027 3402 ei
1070 3338 1503 3422 patrocinatus
1560 3343 1656 3402 est
1698 3334 2076 3400 Franciscus
2119 3328 2481 3394 Burcardus
2526 3326 2720 3392 Vina-

372 3443 628 3524 riensis,
649 3443 692 3518 ¹)
747 3441 855 3523 qui
910 3440 1270 3521 linguarum
1312 3458 1582 3522 graecae
1627 3445 1690 3503 et
1731 3437 1974 3503 latinae
2018 3441 2153 3498 tum
2199 3437 2336 3496 erat
2377 3427 2715 3514 professor.

372 3545 594 3626 Huius,
640 3550 710 3608 ut
751 3542 1072 3607 Fincelius
1120 3540 1289 3624 dicit,
1336 3547 1514 3622 „tum
1556 3541 1811 3625 privata
1852 3546 1985 3603 tum
2031 3534 2289 3620 publica
2320 3530 2721 3597 institutione

372 3644 731 3711 utebatur.“
828 3642 932 3708 Ad
1014 3646 1183 3709 hunc
1260 3644 1584 3727 pertinent
1647 3642 1891 3724 aliquot
1958 3638 2204 3720 elegiae
2272 3632 2718 3699 adolescentis.

373 3748 556 3814 Illico
613 3748 806 3813 etiam
856 3746 925 3812 in
978 3745 1235 3811 laudem
1290 3746 1556 3811 Lutheri
1612 3742 1964 3828 composuit
2019 3740 2327 3823 Eclogam
2370 3737 2442 3817 1.,
2458 3735 2503 3810 ²)
2565 3734 2724 3816 „Pa-

374 3848 601 3915 storis“
645 3849 903 3914 nomine
944 3849 1332 3932 inscriptam,
1381 3848 1556 3912 cuius
1601 3844 2131 3929 „dispositionem
2172 3840 2299 3926 ipsi
2338 3836 2723 3922 praescrips-

376 3957 513 4016 erat
553 3951 625 4015 F.
671 3949 1075 4016 Burcardus“
1119 3957 1188 4015 ut
1241 3950 1473 4032 legitur
1527 3949 1596 4012 in
1651 3948 1792 4031 ipso
1850 3946 2033 4011 titulo
2096 3942 2424 4023 carminis,
2499 3945 2725 4022 postea

377 4053 626 4119 hortum
683 4052 976 4135 Lutheri,
1036 4059 1340 4135 tanquam
1382 4050 1666 4130 Alcinoi,
1711 4047 2011 4113 laudibus
2056 4044 2408 4113 exornavit.
2426 4041 2470 4117 ³)
2560 4039 2724 4105 Inde

510 4292 543 4350 ¹)
580 4291 828 4342 Eximius
847 4289 1273 4355 praelectionibus
1293 4289 1474 4339 hausta
1492 4294 1611 4340 sunt
1646 4305 1772 4354 quae
1809 4286 1970 4337 edidit
1990 4285 2064 4334 St.
2084 4282 2289 4331 Riccius
2310 4279 2643 4328 commentar.
2667 4276 2724 4325 in

377 4374 591 4427 Hesiodi
623 4372 758 4443 ἔργα
793 4376 937 4440 Lips.
979 4376 1123 4426 1530.
1229 4373 1268 4440 ²)
1305 4375 1361 4424 T.
1401 4375 1469 4426 II.
1506 4374 1541 4423 f.
1585 4379 1627 4426 1.
1700 4373 1756 4422 Τ.
1795 4370 1932 4434 11.‚f.
1975 4369 2087 4419 191.
2223 4367 2257 4430 ³)
2298 4364 2352 4413 T.
2393 4366 2431 4415 Ι.
2470 4363 2502 4413 f.
2540 4369 2640 4420 419
2678 4377 2722 4407 V·
