3499 5219
370 620 569 682 guum
621 606 871 665 tantum
926 619 1143 666 eorum
1198 618 1531 665 numerum
1576 618 1718 666 esse
1759 600 1828 664 in
1870 598 2091 681 Italia,
2149 599 2257 682 qui
2312 599 2607 682 gnaviter
2663 607 2728 667 et

369 709 545 768 recte
601 702 934 785 cognorint
986 708 1264 785 poetam.
1354 701 1524 780 Quid
1581 720 1816 767 causae
1867 700 2061 783 igitur
2100 699 2221 765 fuit
2261 701 2432 783 quod
2475 702 2726 767 univer-

373 824 482 868 sos
526 803 729 868 Italos
773 804 1078 869 excitavit
1119 802 1207 868 ad
1251 803 1646 869 sollemniter
1687 802 2147 869 celebrandum
2203 823 2442 869 annum
2496 812 2725 887 poetae

368 907 677 987 natalem,
733 912 797 971 et
837 925 1007 971 nunc
1050 906 1342 989 primum,
1388 912 1728 989 postquam
1772 904 2153 988 quingentos
2196 925 2404 971 annos
2446 907 2726 971 cunctati

371 1027 517 1073 esse
573 1007 959 1073 videantur?
1046 1006 1234 1073 Certe
1285 1027 1417 1072 non
1473 1006 1574 1090 id,
1641 1005 1814 1090 quod
1870 1006 2054 1089 quasi
2110 1013 2356 1090 patrem
2411 1007 2726 1073 haberent

372 1109 656 1175 cultioris
710 1109 973 1192 linguae
1028 1109 1317 1192 italicae,
1390 1110 1672 1191 artisque
1736 1107 2047 1192 poetandi
2110 1129 2348 1173 novum
2411 1109 2586 1191 apud
2653 1129 2723 1176 se

369 1212 772 1276 inventorem
786 1259 804 1293 ,
851 1210 933 1276 de
976 1211 1153 1276 cuius
1195 1211 1288 1276 rei
1331 1211 1601 1278 veritate
1643 1230 1835 1276 nemo
1879 1215 2074 1274 antea
2114 1208 2549 1292 dubitaverat,
2606 1211 2722 1277 sed

367 1312 583 1396 ipsum
638 1314 917 1377 Dantem
975 1312 1337 1378 habuerunt
1390 1332 1600 1378 novae
1655 1312 1888 1377 Italiae
1943 1311 2151 1376 civilis
2207 1313 2719 1395 antesignanum.

370 1415 563 1480 Nunc
606 1415 774 1480 enim
818 1434 1012 1497 quum
1053 1413 1382 1480 Florentia
1422 1434 1660 1480 novum
1703 1413 1788 1479 sit
1830 1420 2021 1497 caput
2064 1413 2335 1479 electum
2380 1413 2719 1480 universae

367 1516 764 1600 reipublicae
823 1515 1110 1599 italicae,
1184 1535 1301 1598 per
1353 1515 1678 1598 quandam
1735 1514 2265 1598 significationem
2321 1515 2533 1598 ipsum
2589 1517 2720 1580 Ali-

368 1618 686 1700 ghierium
701 1665 719 1699 ,
780 1638 968 1700 quem
1012 1617 1219 1683 solum
1261 1624 1512 1684 vertere
1554 1622 1707 1683 ante
1751 1623 2087 1683 sexcentos
2130 1636 2336 1681 annos
2378 1623 2721 1699 coegerant

372 1719 751 1800 Florentini,
797 1718 992 1785 hodie
1034 1719 1216 1801 quasi
1247 1718 1442 1785 exilio
1470 1725 1851 1784 revocarunt
1878 1718 2291 1802 paullumque
2320 1719 2521 1801 abest,
2567 1720 2722 1802 quin

365 1821 516 1904 ipsa
557 1841 734 1902 ossa,
794 1821 850 1886 si
904 1841 1032 1903 qua
1081 1840 1234 1886 vere
1277 1821 1523 1902 reliqua
1567 1826 1716 1886 sunt
1760 1819 2041 1886 defuncti
2083 1820 2326 1902 herois,
2386 1822 2718 1902 Ravenna,

366 1923 483 1987 ubi
528 1922 785 1987 condita
828 1929 1040 2004 erant,
1099 1922 1379 1988 referant
1420 1923 1843 2003 Florentiam,
1903 1941 2067 2004 quae
2116 1923 2334 1987 vivum
2378 1923 2530 1986 olim
2575 1941 2720 1986 con-

355 2030 741 2106 tempserat.
829 2026 1121 2106 Namque
1164 2023 1555 2106 Alighierius
1569 2071 1585 2104 ,
1644 2023 2155 2089 Ghibellinarum
2198 2023 2474 2107 partium
2515 2022 2722 2088 fautor

368 2126 439 2205 (i.
485 2145 540 2192 e.
583 2126 994 2209 Imperatoris
1036 2126 1331 2208 Romani,
1374 2123 1463 2190 ad
1508 2144 1696 2207 quem
1737 2130 2046 2207 tanquam
2090 2124 2176 2189 ad
2219 2124 2521 2190 heredem
2566 2124 2719 2190 Cae-

368 2247 586 2293 sarum
627 2228 766 2292 iure
808 2227 1128 2310 pertinere
1174 2227 1232 2292 ei
1274 2226 1616 2293 videbatur
1657 2226 1853 2292 totius
1880 2226 2110 2292 Italiae
2151 2226 2482 2308 regimen),
2528 2225 2719 2292 Guel-

368 2328 580 2394 forum
623 2350 775 2395 vero
818 2328 1113 2393 inimicus
1158 2329 1224 2405 (i.
1268 2349 1323 2394 6.
1370 2327 1687 2413 pontificis
1730 2329 2023 2410 romani),
2075 2348 2246 2393 nunc
2290 2326 2562 2393 habetur
2601 2348 2717 2411 pro

371 2429 713 2496 defensore
764 2430 1075 2504 acerrimo*
1127 2431 1391 2496 unitatis
1445 2430 1701 2495 italicae
1717 2431 1781 2512 ι),
1843 2429 2306 2513 videbaturque
2361 2429 2428 2494 in
2482 2449 2718 2494 novum

367 2539 564 2616 eaput
606 2533 851 2613 Italiae,
899 2551 1136 2597 novum
1182 2533 1373 2597 etiam
1418 2532 1600 2616 quasi
1641 2531 2122 2617 Imperatorem,
2170 2531 2488 2597 Victorem
2529 2532 2719 2596 Ema-

366 2635 660 2716 nuelem‚
721 2635 961 2717 optime
1016 2634 1349 2699 traducere
1403 2654 1625 2718 posse,
1682 2635 1894 2718 ipsum
1947 2635 2199 2700 hostem
2242 2635 2485 2701 Romae
2528 2634 2718 2701 Guel-

369 2735 550 2818 ficae,
599 2756 789 2819 quam
833 2736 1027 2801 armis
1069 2735 1251 2801 brevi
1295 2755 1366 2801 se
1408 2743 1890 2819 recuperaturos
1935 2756 2076 2804 esse
2118 2742 2381 2820 sperant
2422 2735 2590 2819 Itali,
2649 2745 2718 2801 ut

369 2838 636 2903 tandem
700 2836 1049 2920 aliquando
1105 2857 1236 2902 una
1288 2835 1399 2901 fiat
1456 2837 1669 2903 Italia.
1766 2839 1943 2904 Haec
1999 2838 2319 2904 sententia
2376 2843 2546 2902 certe
2598 2839 2717 2903 fuit

369 2959 587 3006 eorum
601 2988 618 3022 ,
694 2940 802 3022 qui
856 2939 1096 3006 Victori
1148 2939 1487 3005 Emanueli
1556 2939 1846 3022 gladium
1915 2960 2121 3023 nuper
2189 2939 2555 3004 obtulerunt
2615 2940 2717 3006 his

368 3042 586 3107 verbis
627 3040 1033 3125 inscriptum:

714 3195 992 3260 DANTES
1034 3211 1219 3259 nvnc
1265 3209 1574 3257 GLADIVM
1617 3211 1832 3258 PRIMO
1877 3211 2040 3258 REGI
2080 3194 2381 3257 ITAmAn.

366 3344 542 3410 Satis
597 3345 920 3412 audacter.
1013 3344 1183 3424 Quid
1238 3344 1411 3410 enim
1453 3345 1652 3409 Danti
1704 3364 1847 3414 cum
1890 3344 2145 3411 Victore
2187 3343 2544 3410 Emanuele
2557 3343 2592 3407 ?
2629 3381 2717 3392 --

364 3446 504 3529 Ipsi
540 3446 711 3511 enim
738 3446 1091 3530 Alighierio
1121 3445 1428 3528 Virgilius
1465 3444 1805 3511 videbatur
1845 3466 2078 3528 praeco
2123 3465 2264 3512 esse
2308 3446 2716 3514 monarchiae

370 3547 753 3629 Caesareae,
806 3568 972 3631 quae
1015 3554 1242 3631 postea
1283 3546 1372 3612 ad
1415 3547 1772 3613 Germanos
1815 3548 2085 3613 transiit.
2174 3547 2478 3630 Virgilius
2522 3550 2713 3633 enim,

369 3649 758 3716 carminibus
800 3649 932 3716 suis
964 3648 1303 3716 Caesarem
1331 3650 1686 3732 Augustum
1728 3650 1969 3733 primus
2013 3649 2528 3715 consalutaverat
2569 3671 2717 3735 poe-

364 3758 573 3833 mate,
621 3750 792 3834 quod
834 3752 1148 3818 bellorum
1191 3750 1473 3817 civilium
1515 3752 1792 3817 furorem
1835 3751 2222 3837 consopierit
2264 3753 2604 3835 omniaque
2647 3755 2715 3819 in

499 4038 537 4102 ¹)
586 4037 848 4089 Vnitatem
895 4038 1076 4090 Italiae
1124 4039 1342 4090 Dantem
1395 4053 1510 4088 vere
1565 4035 1782 4086 voluisse
1835 4037 1959 4087 satis
2011 4037 2245 4103 exposuit
2293 4039 2526 4091 lemnus
2577 4040 2714 4104 apud

366 4122 739 4173 Schlosserum:
789 4123 983 4185 Dante,
1032 4123 1244 4174 Studien
1279 4138 1331 4188 p.
1373 4124 1466 4175 143
1506 4137 1579 4186 sq.
1617 4137 1677 4171 ex
1711 4122 2013 4172 Monarchia
2046 4123 2255 4186 DantiS,
2304 4123 2391 4174 sed
2426 4124 2527 4175 alio
2561 4124 2709 4174 modo

367 4223 476 4257 eam
510 4208 676 4258 voluit
711 4207 985 4259 introduci.
1056 4208 1186 4257 Nam
1230 4207 1469 4258 acerrime
1503 4205 1814 4271 vituperavit
1848 4206 2240 4259 Constantinum
2287 4210 2376 4273 qui
2422 4213 2576 4273 caput
2609 4209 2708 4258 Ro·

366 4292 508 4343 mani
558 4293 763 4358 imperii
812 4291 1294 4357 Constantinopolin
1342 4291 1570 4342 traduxit
1613 4292 1696 4343 his
1743 4291 1937 4343 verbis:
1988 4294 2065 4356 „0
2110 4294 2309 4344 felicem
2359 4292 2629 4360 populum,
2665 4310 2710 4358 ,o

372 4378 651 4428 Ausoniam
687 4383 736 4427 te
772 4376 1070 4443 gloriosam,
1123 4377 1166 4427 si
1200 4393 1459 4443 nunquam
1504 4376 1593 4427 ille
1627 4378 1913 4429 infirmator
1939 4379 2146 4444 Imperii
2183 4379 2259 4428 tui
2296 4382 2447 4428 natus
2481 4377 2710 4429 fuissetf‘

2209 4462 2303 4514 11*
