3499 5219
1272 430 1795 493 -63-.-

1113 647 1824 713 ADDITAMENTUM
1873 647 1949 713 V.

1398 799 1463 849 ad
1496 817 1548 866 p.
1585 804 1666 853 44.

533 937 703 1011 Quod
758 938 893 998 dixi·
938 938 1247 1015 Stigelium
1301 940 1494 1000 minus
1546 941 1607 999 in
1663 940 1886 1001 melicis
1957 941 2323 1018 praestitisse
2395 961 2571 1018 quam
2639 945 2701 1004 in

359 1023 616 1084 heroicis
660 1027 720 1083 01
762 1023 947 1101 elegis
989 1043 1107 1084 non
1151 1028 1270 1083 tam
1314 1025 1389 1083 ad
1433 1026 1753 1084 sententias
1790 1044 1966 1102 quam
1995 1026 2070 1085 ad
2099 1044 2372 1088 numeros
2400 1029 2700 1104 pertinere

358 1108 541 1187 volui,
589 1109 804 1183 quibus
844 1108 906 1168 in
949 1108 1060 1168 hoc
1102 1128 1322 1186 genere
1367 1128 1508 1169 usus
1552 1114 1640 1169 081
1683 1111 1885 1187 paullo
1915 1111 2464 1192 negligentioribus,
2509 1133 2700 1175 exem-

358 1195 524 1270 plum
567 1197 802 1253 secutus
846 1194 1208 1270 reliquorum
1252 1198 1557 1271 poetarum
1594 1196 1719 1255 eius
1749 1197 1901 1273 aevi,
1947 1197 2465 1272 quos'Sarbievius
2495 1205 2702 1276 postea

358 1280 536 1355 longe
592 1279 895 1354 superavit
951 1298 1168 1339 omnes.
1258 1279 1354 1338 Sic
1409 1280 1470 1339 in
1530 1281 1787 1340 carmine
1841 1281 2149 1357 phalaecio
2205 1284 2280 1342 ad
2333 1284 2699 1365 Monnerum,

358 1365 520 1439 quod
562 1383 621 1441 p.
670 1370 703 1425 9
750 1365 1065 1443 proposui,
1140 1364 1446 1442 Stigelium
1503 1366 1553 1424 si
1606 1365 1893 1425 titubasse
1949 1367 2153 1427 dixero
2212 1386 2330 1427 non
2387 1369 2471 1428 ita
2524 1371 2702 1430 velim

355 1449 682 1526 accipiatur
724 1449 894 1525 quasi
936 1468 1217 1509 accusare
1261 1450 1437 1508 velim
1480 1449 1672 1509 virum
1706 1451 1987 1527 optimum
2017 1471 2197 1528 quum
2225 1454 2351 1512 eius
2382 1456 2701 1515 excusandi

358 1553 539 1594 causa
581 1533 798 1594 dictum
839 1534 930 1594 sit.
991 1535 1297 1594 Titubavit
1339 1535 1513 1594 etiam
1556 1536 1703 1594 alias
1746 1536 2011 1612 inprimis
2050 1537 2110 1595 in
2140 1538 2488 1614 adaptandis
2518 1541 2699 1600 latino

355 1619 616 1679 idiomati
658 1619 887 1695 graecis
930 1620 1253 1679 vocabulis.
1340 1621 1411 1678 In
1454 1619 1545 1680 his
1588 1624 1783 1680 tamen
1827 1621 1985 1681 vitiis
2029 1622 2217 1681 minus
2260 1623 2465 1683 haberi
2523 1626 2700 1685 velim

357 1705 518 1781 quod
559 1704 961 1764 hexametrum
1006 1705 1291 1764 conclusit
1331 1706 1621 1764 vocabulo
1667 1707 2007 1782 theoloqia,
2084 1725 2261 1782 quam
2316 1707 2486 1785 quasi
2538 1710 2699 1767 θειο-

356 1785 570 1867 λογιάν
610 1808 739 1849 0880
782 1789 987 1849 voluit.
1046 1790 1435 1850 Penultimam
1478 1790 1631 1850 enim
1660 1791 1870 1850 extulit
1897 1795 2143 1868 propter
2173 1798 2495 1872 accentum,
2541 1796 2699 1870 quod

353 1874 417 1933 in
462 1874 726 1950 longiore
769 1875 1059 1934 vocabulo
1103 1894 1245 1935 83110
1289 1875 1470 1934 1101111.
1530 1876 1608 1934 Ε1
1649 1879 1955 1935 accentum
1997 1895 2276 1953 graecum
2317 1879 2377 1938 in
2407 1879 2497 1939 his
2525 1898 2697 1940 voca-

355 1959 513 2019 bulis
555 1959 615 2018 in
660 1955 723 2016 la
767 1959 1166 2020 desinentibus
1212 1960 1385 2019 etiam
1428 1960 1623 2019 Latini
1678 1964 2022 2041 tenuerunt,
2097 1964 2359 2039 exceptis
2412 1964 2483 2024 iis
2543 1983 2696 2040 quae

355 2043 654 2103 civitatem
695 2063 994 2105 romanam
1034 2048 1209 2105 nacta
1237 2050 1424 2122 erant,
1469 2049 1536 2103 ut
1563 2044 1827 2124 histeria,
1874 2048 2191 2127 comoedia,
2235 2049 2542 2126 tragoedia
2570 2050 2693 2111 sim.

354 2130 449 2189 De
491 2129 868 2206 philosophia
913 2135 1072 2190 certe
1114 2133 1365 2190 testatur
1407 2130 1746 2190 Priscianus
1791 2150 1944 2207 quae
1988 2134 2398 2208 pronunciatio
2441 2153 2559 2195 11011
2615 2135 2698 2196 113

354 2215 593 2273 diversa
636 2218 724 2273 est
765 2216 840 2274 ab
897 2220 1144 2275 accentu
1199 2216 1515 2275 verborum
1570 2216 1904 2295 benefacis,
1975 2218 2292 2298 tepefacis,
2331 2220 2695 2300 ,liquefacis,

352 2298 658 2376 fideiiibeS,
701 2300 990 2379 Mercuri,
1034 2300 1280 2379 Virgili,
1326 2319 1423 2359 res
1465 2301 1752 2380 mancipi,
1801 2302 2064 2361 aliorum.
2152 2303 2231 2362 Et
2272 2304 2527 2363 dandum
2572 2308 2737 2365 erat·

354 2384 529 2444 etiam
572 2384 795 2460 aliquid
839 2385 1308 2462 pronunciationi
1353 2384 1427 2462 ei,
1474 2404 1648 2460 quam
1692 2386 1865 2446 hodie
1896 2387 2208 2446 etiamnum
2236 2390 2371 2448 Ita-li
2398 2391 2696 2451 retinuere

354 2470 527 2545 quasi
567 2469 903 2529 memoriam
945 2471 1182 2548 linguae
1214 2471 1432 2529 latinae
1461 2471 1744 2550 venerati,
1792 2471 1895 2548 qui
1924 2473 2060 2532 dum
2088 2472 2312 2553 1810113,
2358 2476 2695 2553 comedia,

351 2554 624 2632 tragedia
664 2556 1041 2636 eloquuntur,
1081 2560 1276 2616 tamen
1318 2554 1600 2636 filosofia,
1645 2556 2051 2637 archeologia,
2093 2558 2353 2637 teologia
2392 2560 2517 2620 sim.
2561 2579 2695 2638 pro-

352 2641 654 2701 nunciant.
699 2642 778 2700 Et
819 2646 980 2701 recte
1026 2641 1278 2718 quidem.
1327 2642 1456 2700 Hoc
1498 2642 1890 2719 leguleiorum
1934 2643 2256 2703 doctrinam
2288 2663 2499 2722 sapere
2528 2647 2694 2706 multi

355 2728 530 2785 erunt
573 2725 717 2802 quid
761 2727 988 2805 dicant,
1042 2726 1146 2786 sed
1189 2725 1421 2785 iniuria.
1508 2727 1660 2785 Nam
1701 2746 1872 2787 nemo
1916 2747 2073 2788 nunc
2117 2730 2357 2806 negabit
2397 2731 2496 2790 vel
2537 2732 2693 2791 Neo-

353 2829 621 2889 graecos,
666 2830 814 2887 quos
858 2812 1131 2889 dicimus,
1177 2812 1360 2870 multa
1403 2829 1477 2869 ex
1521 2811 1764 2888 antiqua
1806 2814 2291 2889 pronunciatione
2335 2816 2694 2876 Graecorum

353 2914 624 2956 servasse
666 2895 900 2956 fidelius
944 2915 1119 2974 quam
1161 2914 1269 2956 nos
1315 2897 1637 2957 Germanos
1681 2898 1785 2973 qui
1826 2917 1985 2958 nunc
2028 2918 2244 2975 graeca
2300 2902 2692 2976 pronunciare

353 2982 608 3042 solemus
652 3000 721 3040 eo
763 2982 953 3060 mod0,
998 3000 1172 3057 quem
1215 2981 1331 3058 ipsi
1373 2981 1834 3058 excogitavimus
1876 3002 2242 3064 perversum,
2287 3003 2455 3045 nemo
2499 2990 2692 3046 tamen

351 3070 621 3126 veterum
663 3071 943 3143 tanquam
985 3067 1303 3145 genuinum
1346 3071 1715 3144 agnosceret.

1086 3471 1796 3539 ADDITAMENTUM
1845 3472 1954 3538 VI.

1380 3623 1442 3674 ad
1478 3640 1528 3689 p.
1566 3626 1648 3675 51.

395 3762 496 3825 Ex
542 3760 724 3844 epist.
772 3760 1046 3843 quadam
1090 3761 1181 3825 Io.
1230 3760 1479 3842 Stigelii
1524 3759 1608 3825 ad
1654 3760 1884 3843 Georg.
1931 3759 2351 3843 Spalatinum.
2432 3764 2645 3847 Torga

845 3861 997 3928 data
1038 3862 1129 3927 VI
1175 3860 1438 3928 Calend.
1483 3862 1647 3927 Nov.
1691 3862 2196 3927 MDXXXVIII.

997 3996 1139 4059 (eod.
1176 3997 1333 4048 chart.
1371 3997 1523 4048 Goth.
1557 3998 1619 4049 A.
1654 3996 1717 4044 N.
1764 3999 1850 4048 121
1891 4013 1941 4062 p.
1981 3999 2032 4060 9)

520 4118 694 4180 Ι111110
750 4119 922 4179 11111118
978 4119 1259 4196 epistolae
1316 4118 1593 4196 Stigelius
1656 4117 1886 4177 dixerat
1947 4137 2010 4178 se
2067 4120 2304 4195 Torgae
2370 4120 2684 4180 convenire

353 4204 608 4266 voluisse
653 4204 1046 4283 Spalatinum,
1119 4204 1441 4264 absentiam
1485 4204 1609 4263 eius
1654 4203 1843 4282 dolet,
1915 4207 2121 4280 postea
2170 4223 2405 4264 causam
2458 4205 2685 4265 itineris

356 4289 622 4366 exponit:
670 4289 906 4368 „Causa
948 4293 1143 4349 autem
1184 4288 1333 4349 haec
1377 4292 1482 4349 est.
1554 4288 1890 4365 conscripsi
1933 4288 2352 4366 epigrammata
2395 4290 2683 4366 quaedam

352 4374 411 4435 111
453 4375 565 4436 1100
607 4374 996 4454 potissimum,
1070 4377 1135 4434 ut
1177 4374 1527 4435 monimento
1571 4374 1771 4452 aliquo
1812 4375 2094 4454 posteris,
2167 4375 2364 4452 quoad
2406 4374 2532 4433 eius
2573 4394 2682 4451 pro
