3499 5219
1647 398 1781 407 ——
1874 368 1993 431 164
2082 401 2175 407 —w-
2194 394 2219 406 α

754 536 1043 600 ordinem
1115 536 1491 602 restituerit:
1571 556 1842 618 eamque
1916 536 1996 601 ob
2070 553 2329 601 causam
2401 532 2737 615 Virgilium
2809 533 3101 598 comitem

754 638 1036 719 sequitur
1079 639 1328 704 Dantes
1372 657 1489 720 per
1532 658 1722 703 omne
1764 637 2082 703 infernum
2128 644 2190 701 et
2233 655 2348 719 per
2390 635 2847 718 purgatorium,
2898 633 3101 699 donec

751 739 820 802 in
878 759 1121 804 summo
1182 740 1512 805 cacumine
1565 740 1916 824 purgatorii
1961 739 2265 820 Virgilius
2325 736 2658 803 dimittitur
2712 757 2755 800 a
2809 736 3100 802 Beatrice

752 840 1088 905 Portinara
1106 890 1123 923 ,
1199 862 1329 906 non
1387 842 1594 906 solum
1650 843 1988 907 simulacro
2048 859 2336 906 summae
2391 839 2670 919 virtutis,
2737 837 2854 903 sed
2907 839 3099 903 etiam

753 943 1132 1024 purissimae
1175 943 1539 1025 theologiae
1580 944 1894 1026 imagine,
1954 962 2120 1025 quae
2167 941 2451 1006 infucata
2495 960 2640 1006 esse
2681 938 3017 1004 videbatur
3058 960 3101 1003 a

753 1043 1124 1127 pontificiis3
1169 1045 1268 1109 cui
1297 1044 1576 1110 Beatrici
1619 1044 1882 1110 tandem
1928 1044 2210 1109 succedit
2249 1044 2318 1108 in
2352 1042 2717 1108 comitando
2745 1041 3098 1123 Alighierio

752 1165 868 1227 per
913 1166 1282 1231 empyreum
1325 1147 1416 1212 sic
1459 1146 1698 1212 dictum
1742 1146 2111 1213 Bernardus
2156 1143 2697 1215 Claraevallensis
2713 1192 2729 1225 ,
2785 1143 3098 1226 interpres

753 1246 1105 1312 divinitatis
1176 1268 1317 1313 cum
1391 1247 1790 1314 humanitate
1860 1248 1948 1312 ad
2003 1248 2191 1313 beate
2246 1245 2594 1311 vivendum
2647 1246 3097 1328 implicandae.

754 1347 923 1426 Quid
964 1348 1157 1432 igitur
1199 1350 1467 1432 Virgilio
1514 1355 1578 1415 et
1618 1350 1906 1432 Augusto
1953 1369 2094 1414 cum
2138 1349 2393 1413 Victore
2437 1347 2838 1413 Emanuele‘?

647 1447 652 1450 ’
921 1451 1068 1516 Νο11
1123 1450 1554 1516 invidebimus
1611 1472 1857 1516 summo
1903 1451 2209 1516 Italorum
2260 1448 2578 1514 desiderio
2621 1450 2814 1515 totius
2856 1449 3099 1531 patriae

752 1552 1247 1634 consociandae,
1311 1552 1657 1619 admodum
1709 1560 1927 1618 tamen
1969 1554 2279 1618 incertum
2325 1571 2467 1617 esse
2510 1552 2792 1631 videtur,
2849 1573 2936 1615 an
2977 1553 3099 1615 Ro-

751 1674 921 1718 mam
977 1674 1169 1735 quam
1227 1654 1559 1738 possidere
1617 1655 1807 1720 enixe
1864 1654 2353 1737 concupiscunt,
2427 1654 2567 1718 sine
2619 1672 2857 1734 magna
2913 1653 3100 1717 clade

749 1756 1097 1838 religionis,
1146 1777 1336 1838 quam
1379 1757 1504 1839 ipsi
1546 1754 1937 1839 profitentur,
1981 1756 2175 1839 potiri
2219 1754 2485 1839 possint.
2578 1753 2740 1818 Sunt
2784 1755 2955 1818 enim
2997 1775 3099 1820 res

751 1877 1008 1939 prorsus
1053 1857 1493 1923 dissociabiles
1539 1858 1933 1942 principatus
1972 1864 2035 1923 et
2064 1857 2483 1940 pontificatus,
2530 1862 2905 1938 quas-recte
2946 1862 3099 1920 tem-

752 1978 979 2040 perare
1050 1978 1135 2024 ne
1209 1960 1268 2024 ei
1341 1959 1598 2041 quidem
1669 1960 1919 2040 licebit,
1994 1961 2101 2041 qui
2157 1961 2506 2024 humanam
2564 1958 2746 2039 quasi
2803 1963 3101 2021 naturam

755 2060 1017 2124 exuerit.
1094 2060 1461 2125 Verendum
1508 2069 1604 2126 est
1647 2063 1840 2126 etiam
1885 2082 1967 2126 ne
2010 2081 2247 2143 magna
2276 2060 2460 2125 clade
2490 2058 2807 2142 pontificis
2836 2059 3101 2124 maximi

750 2161 1027 2242 romani,
1089 2162 1143 2226 si
1188 2183 1314 2244 qua
1356 2163 1504 2228 fatis
1548 2164 1892 2246 placuerit,
1953 2162 2199 2245 aliquid
2242 2162 2435 2228 etiam
2482 2160 2847 2226 detrimenti
2889 2163 3102 2244 capiat

751 2269 973 2327 nostra
1044 2265 1405 2346 respublica
1478 2284 1643 2346 quae
1717 2265 1946 2330 dicitur
2019 2264 2552 2346 evangelicorum.
2651 2264 3099 2344 Languescere

754 2365 924 2428 enim
982 2366 1190 2431 solent
1245 2366 1412 2432 vires
1457 2386 1622 2447 quae
1664 2387 1796 2431 non
1842 2374 2246 2448 exercentur,
2307 2363 2845 2448 quemadmodum
2890 2365 3098 2431 Ulixis

753 2476 934 2531 arcus
991 2487 1199 2549 neque
1253 2468 1457 2549 potuit
1512 2468 1762 2534 intendi
1815 2490 1856 2533 a
1914 2470 2123 2551 procis
2167 2468 2533 2550 Penelopae
2575 2486 2786 2548 neque
2829 2467 2912 2530 ab
2956 2468 3096 2549 ipso

754 2569 1160 2652 TelemachO,
1206 2570 1474 2634 mollitie
1521 2576 1583 2635 et
1626 2570 1880 2636 luxuria
1923 2571 2306 2636 effeminatis
2347 2569 2417 2634 in
2460 2561 2667 2634 Vlixis
2710 2568 3024 2634 absentia.

833 2703 837 2707 Δ
921 2671 1096 2736 Η666
1140 2678 1355 2737 tamen
1399 2692 1562 2754 quae
1607 2675 1788 2736 θεῶν
1835 2671 1900 2737 ἓν
1946 2669 2221 2755 γοίνασι
2261 2674 2503 2748 κεῖται,
2565 2690 2737 2736 1111116
2783 2691 2916 2734 11011
2958 2691 3097 2753 1161·-

752 2790 1105 2852 sequemur.
1194 2772 1324 2839 Sed
1368 2781 1616 2839 utemur
1656 2774 2159 2840 hac.occasione
2202 2774 2347 2839 festi
2389 2773 2688 2852 Dantini,
2741 2778 2810 2835 ut
2853 2772 3098 2854 aliquid

751 2871 1064 2938 addamus
1119 2874 1179 2940 ei
1232 2877 1689 2958 programmati
1743 2877 1915 2958 quod
1971 2876 2296 2958 superiore
2349 2874 2559 2940 hieme
2604 2873 2971 2956 scripsimus
3016 2873 3097 2939 de

753 2973 820 3038 C.
869 2974 1160 3042 Caesaris
1203 2977 1709 3043 Anticatonibus.
1802 2978 2012 3061 Saepe
2061 2977 2230 3042 enim
2275 2976 2565 3042 videmus
2607 2995 2875 3057 magnas
2920 2995 3096 3040 occa·

750 3076 963 3142 siones
1006 3078 1521 3161 Epimyrcidibus
1567 3084 1630 3144 et
1675 3078 2153 3160 Callicratibus,
2216 3080 2435 3160 quales
2491 3079 2700 3142 solent
2756 3096 2898 3141 6666
2954 3097 3096 3160 pro-

748 3178 1211 3261 grammatarii,
1269 3180 1580 3262 praebere
1636 3180 2132 3245 occasiunculas.
2232 3180 2647 3244 Anticatones
2703 3179 2905 3260 enim,
2964 3180 3094 3243 iam

752 3279 1136 3363 deperditos,
1184 3287 1252 3345 ut
1280 3281 1635 3364 videbatur,
1685 3282 1958 3348 diximus
2003 3282 2256 3347 saeculo
2303 3281 2548 3347 decimo
2579 3281 2850 3363 septimo
2881 3300 3095 3363 super-

751 3379 931 3445 stites
974 3381 1169 3447 fuisse
1212 3381 1468 3463 Leodii,
1528 3382 1672 3448 freti
1710 3383 1973 3449 Comitis
2018 3382 2333 3449 Everardi
2377 3382 2458 3447 de
2499 3383 2568 3446 la
2608 3383 2835 3447 Marck
2879 3381 3095 3447 Cardi-

747 3481 916 3546 nalis
975 3483 1353 3549 Leodiensis
1408 3485 1772 3549 testimonio
1826 3485 1999 3569 apud
2055 3484 2218 3550 Lud.
2263 3485 2489 3550 Vivem
2546 3483 2632 3548 ad
2684 3484 2953 3565 August.
3011 3484 3093 3549 de

749 3582 1008 3648 civitate
1066 3584 1169 3650 dei
1218 3586 1267 3666 I,
1317 3589 1416 3649 23.
1505 3586 1637 3651 Sed
1678 3586 2048 3653 addendum
2105 3594 2272 3669 erat,
2331 3585 2683 3667 Alighierio
2701 3633 2717 3665 ,
2776 3586 2954 3651 cuius
3011 3585 3092 3652 de

748 3683 910 3748 festo
958 3705 1150 3769 supra
1190 3688 1586 3753 narravimus
1630 3689 1785 3770 quid
1828 3695 2039 3754 actum
2084 3689 2166 3753 sit
2207 3688 2602 3768 Florentiae,
2661 3686 2824 3750 1111111
2870 3686 2953 3751 (16
2991 3687 3092 3753 1116

747 3785 930 3849 libris
990 3786 1279 3853 Caesaris
1333 3789 1685 3855 innotuisse
1742 3791 2187 3873 superstitibus
2259 3790 2514 3854 saeculo
2589 3787 2835 3852 decimo
2908 3791 3089 3854 tertio

748 3885 938 3951 facile
983 3889 1237 3969 probari
1280 3897 1506 3972 potest.
1599 3891 1784 3956 Certe
1841 3893 2010 3957 enim
2053 3893 2166 3957 ille
2211 3892 2398 3956 aliter
2438 3889 2828 3956 iudicaturus
2871 3889 3092 3955 fuisset

627 4026 631 4030 -
751 3986 833 4052 de
871 3987 954 4052 Μ.
989 3987 1228 4056 Catone
1259 3992 1575 4073 Vticense,
1623 3994 1677 4059 si
1721 3994 1826 4058 vel
1872 3994 2114 4076 aliquid
2155 3993 2450 4059 rescisset
2495 3990 2576 4057 de
2604 3992 3088 4057 Anticatonibus

751 4088 1062 4172 Caesaris,
1111 4112 1298 4173 quem
1341 4095 1622 4159 omnium
1665 4094 2152 4160 monarcharum
2196 4094 2420 4159 habuit
2462 4092 2948 4157 nobilissimum.

852 4255 856 4260 .
918 4191 1154 4257 Notum
1201 4202 1297 4259 est
1340 4195 1509 4260 enim
1554 4197 1775 4278 quanti
1817 4196 1986 4262 hunc
2032 4197 2337 4263 Catonem
2380 4198 2627 4261 Dantes
2682 4195 2978 4261 habuerit
3022 4197 3090 4261 in

747 4292 1140 4375 Purgatorio.
1230 4295 1421 4361 Cuius
1464 4299 1946 4364 aestumationis
1990 4306 2307 4365 auctorem
2351 4290 2688 4379 Virgilium
2741 4317 2885 4364 esse
2933 4298 3089 4362 dixit
