3499 5219
1661 384 1796 390 ·——-
1885 349 2006 412 284
2096 384 2229 391 -—-

777 516 927 582 libri
981 516 1396 600 inscriptione
1454 516 1707 583 videtur
1761 516 1883 582 hoc
1926 521 2369 598 argumentum
2427 514 2841 598 sophisticum
2899 517 3116 599 paullo

778 619 1034 684 uberius
1077 624 1383 684 tractasse
1425 619 1757 701 magisque
1800 618 1994 683 etiam
2039 618 2402 700 exagitasse
2444 637 2635 699 quam
2668 617 3071 683 Aristoteles.

945 721 1180 786 Postea
1235 720 1475 785 stoicae
1530 719 1979 802 philosophiae
2040 739 2276 802 parens
2333 719 2507 783 Zeno
2568 718 2864 784 Citiensis
2892 720 3116 783 -soloe-

776 822 959 888 cismi
1001 823 1383 887 vocabulum
1436 820 1720 886 traduxit
1778 821 1863 886 ad
1912 820 2290 884 rhetoricam
2335 831 2554 885 artem.
2642 820 2719 885 V.
2764 804 3113 903 Diogenem

776 925 849 989 L.
897 924 1043 1006 VII,
1091 928 1193 988 40.
1261 918 1526 1007 Ἀρεταὶ
1572 920 1645 989 δέ
1689 920 1885 1005 λόγου
1931 919 2060 987 εἰσὶ
2104 927 2334 1000 πέντε,
2383 915 2843 1005 Ἑλληνισμὸς,
2905 922 3114 1006 σαφή-

779 1049 950 1100 νεια,
1000 1031 1351 1104 συντομία,
1396 1028 1688 1108 πρέπον,
1736 1023 2114 1106 κατασκευή.
2200 1020 2614 1109 Ἑλληνισμὸς
2655 1022 2774 1103 μὲν
2821 1011 2933 1088 οὖν
2979 1021 3112 1089 ἐστι

780 1124 1026 1211 φράσις
1099 1119 1521 1202 ἀδιάπτωτος
1594 1124 1660 1189 ἐν
1732 1129 1810 1210 τῇ
1875 1128 2147 1212 τεχνικῇ·
2187 1128 2291 1189 καὶ
2352 1122 2440 1209 μὴ
2503 1123 2716 1209 εἰκαίᾳ
2778 1131 3113 1211 συνηθείᾳ,

780 1226 1105 1312 σαφήνεια
1165 1226 1237 1290 δέ
1294 1225 1436 1293 ἐστι
1493 1226 1666 1306 λέξις
1722 1226 2063 1312 γνωρίμως
2135 1229 2532 1310 παριστῶσα
2602 1224 2679 1290 τὸ
2742 1225 3112 1308 νοούμενον,

779 1334 1096 1410 συντομία
1171 1327 1242 1394 δέ
1315 1327 1452 1393 ἐστι
1521 1330 1692 1407 λέξις
1752 1322 1919 1394 αὐτοὶ
1976 1327 2059 1393 τὰ
2118 1323 2437 1411 ἀναγκαῖα
2495 1332 2891 1411 περιέχουσα
2952 1327 3116 1412 πρὸς

697 1436 700 1437 ’
778 1429 1060 1516 δήλωσιν
1132 1432 1248 1494 τοῦ
1322 1430 1725 1514 πράγματος.
1802 1436 2063 1511 πρέπον
2140 1431 2211 1494 δέ
2286 1430 2426 1494 ἐστι
2498 1429 2670 1509 λέξις
2744 1429 2952 1495 οἷκεία
3022 1437 3114 1515 τῷ

777 1532 1146 1616 πράγματι,
1221 1531 1576 1616 κατασκευὴ
1654 1532 1726 1596 δέ
1799 1530 1938 1597 ἐστι
2013 1531 2183 1610 λέξις
2250 1532 2689 1616 ἐκπεφευγυῖα
2762 1528 2875 1597 τὸν
2937 1531 3117 1597 ἰδιω-

775 1632 1043 1717 τισμόν,
1104 1629 1139 1698 ὁ
1196 1634 1266 1699 δὲ
1317 1631 1772 1719 βαρβαρισμὸς
1821 1633 1886 1698 ἐκ
1931 1637 2060 1700 τῶν
2105 1636 2345 1699 κακιῶν
2398 1631 2568 1712 λέξις
2629 1631 2765 1699 ἐστὶ
2815 1633 2999 1717 παρὰ
3041 1633 3115 1699 τὸ

779 1738 939 1814 ἔθος
983 1739 1111 1800 τῶν
1160 1729 1719 1816 εὖδαιμονοέντων
1760 1730 2103 1820 Ἑλλήνων,
2157 1733 2579 1815 σολοικισμὸς
2627 1736 2697 1799 δέ
2743 1735 2884 1800 ἐστι
2929 1735 3116 1821 λόγος

776 1834 1365 1920 ἀκαταλλήλως
1426 1841 2156 1921 συντεταγμένοςῙ).
2243 1839 2492 1905 Primus
2551 1838 2742 1922 igitur
2785 1841 2960 1905 Zeno
3012 1842 3118 1905 Via

774 1961 850 2006 ac
903 1940 1151 2006 ratione
1206 1941 1566 2006 soloecismi
1608 1941 1920 2006 vocabulo
1964 1941 2055 2006 ita
2111 1962 2263 2006 usus
2321 1947 2420 2006 est
2475 1947 2545 2006 ut
2585 1942 2653 2006 in
2695 1938 2870 2006 'vitiis
2911 1963 3113 2024 gram-

773 2042 1023 2107 maticis
1064 2042 1332 2108 haberet
1374 2062 1525 2107 vere
1566 2043 1781 2125 graeci
1825 2042 2136 2108 sermonis
2190 2042 2383 2125 idque
2435 2043 2659 2107 vitium
2719 2042 3009 2110 definiret
3052 2052 3115 2109 et

775 2152 1133 2210 secerneret
1176 2166 1217 2209 a
1259 2144 1676 2209 barbarismo,
1743 2144 1947 2224 Quem
1990 2152 2242 2209 secutus
2286 2152 2383 2210 est
2417 2143 2799 2229 Chrysippus
2829 2145 3113 2211 Solensis

774 2246 883 2328 qui
924 2246 1401 2328 grammaticam
1444 2265 1760 2329 graecam,
1806 2253 1874 2311 ut
1915 2246 2163 2328 logicae
2207 2247 2445 2311 stoicae
2489 2246 2871 2329 subiectam,
2939 2249 3116 2330 quasi

772 2347 1078 2413 fundasse
1121 2348 1245 2413 sibi
1273 2347 1611 2413 videbatur
1627 2348 1691 2424 2).
1759 2348 2024 2431 Scripsit
2067 2354 2322 2430 praeter
2347 2348 2478 2413 alia
2523 2349 2714 2413 etiam
2757 2369 2874 2415 sex
2918 2350 3111 2415 libros

775 2451 928 2530 περὶ
977 2445 1354 2530 ἀνωμαλίας
1395 2450 1483 2515 ad
1512 2448 1807 2530 Dionem,
1854 2448 2081 2531 quibus
2112 2455 2332 2514 contra
2362 2450 2715 2515 Aristarchi
2759 2443 3106 2531 ἀναλογίαν

778 2572 928 2618 usus
974 2557 1071 2618 est
1120 2550 1334 2615 Crates
1375 2550 1669 2614 Mallotes
1720 2550 1821 2628 (cf.
1867 2551 2068 2616 Varro
2115 2551 2196 2617 de
2239 2551 2395 2635 ling.
2442 2553 2552 2617 lat.
2598 2553 2714 2634 IX,
2767 2558 2823 2618 1.
2870 2554 3109 2629 Muell.)

780 2661 843 2719 et
872 2675 1066 2718 unum
1097 2654 1329 2721 librum
1358 2653 1508 2734 περὶ
1538 2650 1981 2732 σολοικισμῶν
2011 2655 2408 2736 alterumque
2430 2655 2580 2737 περὶ
2611 2654 3104 2734 σολοικιζόντων

777 2753 986 2836 λόγων
1031 2756 1117 2821 ad
1160 2755 1542 2838 Dionysium
1590 2755 1800 2837 (Diog.
1858 2756 1930 2819 L.
1977 2755 2133 2837 VII,
2203 2757 2448 2835 192.)³).
2538 2759 2616 2821 In
2673 2757 2774 2823 his
2818 2758 3106 2825 omnibus

673 2908 680 2913 .
772 2858 929 2924 locis
973 2879 1103 2922 non
1145 2857 1237 2922 ita
1278 2857 1470 2939 longe
1516 2856 1887 2923 discessisse
1931 2855 2360 2941 Chrysippum
2403 2879 2444 2922 a
2472 2860 2734 2924 Zenone
2776 2861 3106 2943 probabile

773 2967 887 3025 est.
976 2960 1242 3025 Secutus
1296 2965 1394 3024 est
1456 2960 1822 3043 Apollonius
1876 2959 2196 3043 Dyscolus
2249 2960 2331 3024 de
2387 2958 2632 3026 Constr.
2690 2982 2755 3045 p.
2808 2965 2927 3026 196
2951 3011 2968 3044 ‚
3015 2966 3110 3027 26.

771 3062 985 3126 Bekk.
1044 3058 1192 3146 Χρὴ
1250 3048 1362 3124 οὖν
1422 3057 1907 3144 ἐπιστήσαντας
1965 3057 2296 3126 ἐκθέσθαι
2353 3056 2420 3126 τί
2465 3058 2539 3148 δή
2601 3054 2750 3125 ποτ’
2814 3060 2988 3126 ἐστὶν
3032 3062 3105 3127 τὸ

771 3165 1011 3227 ποιοῦν
1056 3161 1133 3225 τὸ
1180 3154 1785 3247 ἀκατάλληλον,
1835 3153 1908 3225 οὗ
1942 3166 2319 3247 παραθέσει
2364 3160 2633 3246 τρόπων
2663 3169 3104 3248 χρησαμένους

772 3263 1003 3349 μάτην,
1052 3261 1362 3344 καθάπερ
1408 3268 1580 3339 τινές
1626 3258 1786 3327 αὐτὸ
1830 3260 2034 3345 μόνον
2068 3262 2376 3348 ἐκήρυξαν
2423 3264 2575 3341 τοὺς
2621 3265 3103 3348 σολοικισμοὺς,

774 3359 846 3429 οὗ
907 3363 1033 3449 μὴν
1093 3363 1395 3442 ἐδίδαξαν
1452 3363 1528 3428 τὸ
1586 3366 1825 3429 ποιοῦν
1886 3359 2050 3447 ὅπερ
2111 3365 2272 3442 εἴτις
2327 3364 2414 3450 μὴ
2464 3367 2720 3432 συνίδοι
2781 3367 2874 3444 εἷς
2920 3362 3103 3433 οὐδὲν

775 3472 1253 3544 συντείνουσαν,
1304 3466 1430 3544 ἕξει
1475 3464 1589 3550 τὴν
1622 3465 2004 3549 παράθεσιν
2035 3468 2165 3530 τῶν
2197 3464 2482 3547 τρόπων.
2553 3470 2749 3535 Porro
2777 3492 2842 3553 p.
2886 3475 3018 3553 198,
3052 3476 3107 3536 4.

773 3562 925 3633 οῦδὲ
972 3566 1177 3633 ἐκεῖνό
1237 3594 1319 3649 με
1364 3566 1641 3651 λέληθεν
1701 3562 1792 3645 ὥς
1847 3591 2018 3644 τινες
2064 3566 2470 3650 ἐπετάραξαν
2528 3568 2647 3658 τὴν
2704 3572 2891 3654 παρὰ
2936 3576 3105 3637 πᾶσι

781 3667 1152 3755 συμφώνως
1196 3675 1678 3735 πιστευθεῒσαν
1726 3667 1941 3747 δόξαν,
1990 3663 2080 3745 ιῦς
2122 3672 2281 3751 μιᾶς
2327 3670 2558 3749 λέξεως
2601 3669 2793 3737 κακία
2852 3672 3028 3739 ἐστίν
3073 3667 3107 3737 ὁ

770 3769 1254 3855 βαρβαρισμὸς,
1318 3768 1685 3857 ἐπιπλοκῆς
1729 3770 1802 3837 δὲ
1845 3770 2077 3850 λέξεων
2139 3764 2728 3857 ἆκαταλλήλων
2791 3769 2825 3837 o‘
2887 3774 3106 3839 σολοι-

909 3958 941 4014 1>
990 3956 1207 4007 Deflexit
1254 3957 1315 4006 ab
1364 3957 1457 4006 hac
1508 3957 1802 4008 definitione
1843 3959 2126 4009 Alexander
2172 3960 2356 4010 rhetor.
2394 3960 2451 4010 T.
2477 3960 2622 4018 VIII,
2668 3977 2721 4026 p.
2761 3963 2875 4014 426.
2948 3962 3104 4011 Walz.

773 4036 857 4092 ὅτι
891 4039 979 4092 καὶ
1018 4037 1043 4090 ὃ
1085 4038 1428 4110 σολοικισμὸς
1474 4037 1835 4101 ἐξάλλαξις
1881 4038 2075 4108 λόγου,
2129 4036 2237 4092 ἀλλ’
2286 4040 2373 4094 ἐπὶ
2422 4040 2480 4094 τὸ
2512 4047 2720 4111 χεῖρον.
2793 4044 2868 4096 cf.
2907 4062 2957 4110 p.
2993 4048 3103 4097 495-

771 4129 888 4179 528.
1027 4124 1064 4189 ²)
1100 4126 1278 4176 Paullo
1320 4126 1675 4179 inclementius
1723 4129 1785 4179 de
1836 4129 2119 4177 Stoicorum
2166 4130 2497 4193 grammatica
2542 4129 2737 4181 iudicat
2786 4130 2967 4182 Prantl
3012 4132 3105 4180 Ge·

769 4211 994 4262 schichte
1031 4211 1119 4262 der
1153 4212 1321 4275 Logik
1356 4211 1390 4261 l.
1427 4228 1477 4276 p.
1507 4214 1622 4264 415.
1761 4212 1796 4276 ³)
1834 4213 1893 4264 V.
1932 4212 1991 4262 de
2026 4210 2207 4280 λόγοις
2246 4213 2602 4273 σολοικίζουσι
2640 4215 2773 4265 Sext.
2810 4216 2961 4281 Emp.
2998 4216 3105 4266 adv.

771 4297 1010 4346 Mathem.
1048 4298 1089 4347 Ι.
1126 4312 1176 4361 p.
1206 4299 1316 4347 112.
1352 4296 1509 4346 Bekk.
