3499 5219
1322 447 1958 509 ——29--.

404 611 675 696 scripsit.
691 614 734 689 ¹)
820 613 1116 680 Tandem
1151 613 1265 680 filii
1292 615 1601 680 Iohannis
1630 615 1959 697 Friderici‚
2006 617 2244 701 captivi
2285 620 2485 702 patris
2526 622 2749 687 volun·

405 720 603 779 tatem
648 717 898 780 executi
914 764 930 797 ‚
986 717 1185 782 Ienae
1227 738 1461 783 novam
1505 718 1982 784 universitatem
2001 768 2016 799 ,
2074 739 2376 802 eamque,
2437 723 2494 788 si
2535 730 2746 788 actum

403 823 577 883 esset
619 817 701 883 de
732 817 1179 900 Vitebergensi
1221 819 1574 901 academia,
1622 821 1946 905 evangelii
1986 822 2391 903 purissimam
2435 844 2749 908 propaga-

403 920 645 1003 triccm‚
692 921 1013 986 condendi
1056 921 1390 987 consilium
1435 929 1759 1004 ceperunt.

796 1161 890 1236 V.
994 1161 1099 1234 Io.
1157 1157 1503 1255 Stigelius
1553 1160 1943 1235 Professor
1992 1162 2343 1238 Ienensis.

574 1331 722 1394 Non
762 1329 990 1393 mirum
1034 1327 1227 1410 igitur
1268 1349 1425 1412 prae
1468 1330 1696 1395 ceteris
1739 1329 1824 1395 de
1865 1330 2243 1397 advocando
2279 1333 2395 1397 Ph.
2425 1334 2750 1399 Melanch-

401 1432 619 1513 thone‚
664 1416 1122 1514 „praeceptore
1166 1430 1615 1512 Germaniae“‚
1662 1431 1980 1513 cogitasse
2023 1433 2365 1518 principes.
2424 1437 2594 1500 Dum
2636 1437 2750 1502 ille

402 1533 681 1598 incertus
735 1534 989 1614 haeret,
1008 1536 1051 1610 2)
1127 1533 1607 1615 sequendumne
1672 1534 2002 1598 arbitrium
2057 1535 2364 1600 Iohannis
2420 1536 2747 1619 Friderici,

402 1655 489 1698 an
533 1634 1004 1718 persistendum
1059 1635 1142 1699 sit
1194 1636 1263 1699 in
1317 1636 1486 1710 loco,
1563 1656 1752 1717 quem
1808 1635 1932 1701 sibi
1988 1637 2353 1727 assignasse
2411 1637 2752 1705 videbatur

404 1736 627 1800 divina
680 1736 1116 1820 providentia,
1192 1738 1432 1820 primus
1476 1736 1813 1821 Stigelius,
1891 1738 1999 1820 qui
2041 1738 2366 1804 Vimariae
2422 1746 2553 1805 tum
2613 1749 2751 1806 erat

400 1837 578 1922 apud
620 1844 920 1921 parentes
963 1858 1130 1920 suos,
1179 1838 1388 1903 iussus
1434 1845 1530 1904 est
1572 1859 1613 1902 a
1657 1840 1761 1904 Fr.
1808 1838 2132 1905 Burcardo
2174 1840 2398 1906 lenam
2438 1842 2750 1925 proficisci

403 1940 481 2004 A.
526 1940 907 2005 MDXLVII
960 1948 1154 2022 atque
1195 1948 1198 1950 ’
1208 1941 1614 2024 gymnasium
1669 1941 1738 2005 in
1783 1941 2091 2007 coenobio
2133 1943 2431 2008 Paullino
2476 1944 2751 2009 conden-

336 2082 358 2113 ,
403 2042 556 2106 (111111
598 2061 838 2124 regere,
883 2041 1057 2107 unde
1098 2042 1347 2107 facilior
1388 2061 1763 2125 progressus
1804 2043 2143 2109 videbatur
2187 2063 2328 2109 esse
2370 2044 2455 2109 ad
2499 2047 2749 2112 univer-

402 2144 674 2208 sitatem.
742 2145 820 2208 In
860 2144 1090 2208 litteris
1134 2144 1441 2209 Iohannis
1470 2144 1780 2209 Friderici
1808 2145 1908 2210 El.
1940 2145 2267 2227 Augustae
2298 2145 2553 2213 Vindel.
2583 2149 2748 2212 XIX

403 2245 579 2328 Sept.
624 2246 1147 2310 MDXXXXVII
1189 2245 1276 2310 ad
1319 2245 1789 2312 Cancellarium
1842 2247 2021 2313 Iobst
2069 2267 2195 2312 von
2252 2248 2443 2312 Haun
2500 2249 2752 2332 scriptis

401 2347 665 2429 legitur:
755 2348 883 2429 „So
928 2348 1142 2413 haben
1187 2349 1306 2413 wir
1348 2348 1448 2412 dir
1489 2348 1940 2430 geschrieben,
2018 2348 2167 2414 dass
2224 2351 2375 2415 wirs
2430 2351 2546 2414 mit
2600 2351 2748 2417 dem

406 2449 608 2532 Stigel
651 2450 1007 2515 versuchen
1049 2451 1288 2515 wollen
1332 2450 1437 2514 ein
1481 2451 1596 2515 Jar
1638 2451 1823 2532 lang,
1900 2449 2184 2516 darnach
2226 2452 2364 2516 kan
2405 2472 2590 2517 mans
2631 2454 2749 2518 all-
2860 2467 2864 2471 ’

400 2570 630 2634 wegen
672 2552 788 2616 mit
827 2552 926 2616 Im
971 2553 1192 2618 weiter
1234 2551 1589 2619 handeln.“
1660 2553 1886 2635 Neque
1929 2559 2262 2637 praeterea
2305 2553 2443 2618 Ioh.
2476 2555 2750 2621 Frideri·

403 2673 514 2718 cus
557 2654 847 2736 captivus
889 2654 1220 2719 immemor
1270 2655 1389 2719 fuit
1431 2654 1678 2736 Stigelii
1737 2675 1927 2737 quem
1982 2655 2165 2720 iussit
2220 2656 2505 2720 carmina
2560 2677 2749 2739 quae-

405 2754 554 2819 dam
609 2776 991 2839 componere
1044 2756 1305 2839 picturis
1361 2755 1821 2822 Cranachianis
1877 2755 2307 2822 adscribenda
2363 2777 2525 2839 quae
2582 2759 2751 2824 tradi

403 2857 586 2921 uxori
629 2877 784 2922 suae
827 2857 1117 2941 Sibyllae
1160 2858 1363 2922 voluit
1406 2859 1682 2923 Elector.
1700 2858 1744 2935 3)

570 2959 836 3042 Accepit
920 2960 1222 3024 salarium
1307 2959 1479 3042 quod
1564 2960 1947 3041 Vitebergae
2032 2967 2397 3045 acceperat,
2488 2962 2589 3026 cui
2669 2963 2746 3027 A.

400 3060 847 3125 MDXLVIIII
902 3060 1107 3126 additi
1160 3068 1309 3126 sunt
1363 3063 1495 3127 XX
1552 3062 1759 3144 aurei3
1834 3068 2062 3144 postea
2120 3061 2336 3127 datum
2390 3069 2489 3128 est
2552 3064 2748 3129 etiam

400 3162 804 3243 frumentum,
849 3163 1088 3244 vinum,
1134 3164 1398 3245 lignum.
1459 3163 1660 3228 Simul
1692 3164 1918 3228 Ienam
1961 3163 2081 3227 viri
2112 3164 2371 3246 quidam
2402 3163 2749 3230 doctissimi

401 3283 472 3329 se
529 3272 934 3347 receperunt,
1008 3271 1077 3328 ut
1134 3266 1204 3330 in
1263 3265 1389 3330 otio
1446 3265 1755 3330 litterario
1808 3264 1900 3329 ibi
1959 3263 2265 3347 degerent
2307 3273 2370 3331 61
2412 3267 2749 3350 pueritiam

399 3365 834 3431 universitatis
896 3372 1281 3449 tutarentur,
1357 3373 1659 3449 tanquam
1730 3366 1937 3430 libera
2006 3367 2324 3449 quaedam
2395 3367 2746 3450 academia,

403 3467 746 3548 Gregorius
776 3468 1122 3550 Pontanus,
1165 3468 1536 3534 Pleicardus
1567 3467 2036 3550 Sindringerus.
2072 3468 2274 3552 Chph.
2304 3469 2747 3553 Hoffmannus,

402 3568 586 3634 Vitus
629 3567 907 3634 Ortelius
924 3618 940 3651 ‚
985 3568 1262 3636 Michael
1307 3570 1614 3636 Stiffelius
1631 3571 1705 3652 ,⁴)
1765 3570 1974 3634 clarus
2019 3569 2117 3635 sui
2158 3571 2464 3654 temporis
2507 3573 2749 3637 mathe-

398 3670 697 3753 maticus,
771 3672 984 3736 Iustus
1029 3673 1222 3737 Ionas
1237 3671 1281 3748 ⁵)
1339 3672 1468 3735 alii.
1559 3672 1862 3753 Stigelius
1915 3671 2107 3754 igitur
2163 3670 2333 3754 quod
2386 3672 2595 3738 iussus
2653 3681 2749 3741 est

400 3778 657 3837 strenue
702 3774 1034 3856 exequitur
1075 3774 1416 3856 statimque
1462 3772 1809 3858 discipulos
1854 3779 2160 3857 quotquot
2200 3772 2507 3841 affluxere
2566 3775 2749 3841 disci·

535 4059 570 4123 ¹)
608 4058 664 4107 T.
713 4061 757 4111 1.
806 4059 843 4111 f.
881 4062 981 4113 208
1016 4078 1080 4122 V„
1118 4062 1250 4122 260„
1289 4063 1406 4114 268.
1444 4061 1512 4110 ΙΙ.
1550 4061 1585 4111 f.
1627 4063 1740 4112 114.
1882 4059 1919 4122 2)
1958 4058 2013 4109 C.
2049 4060 2108 4109 R.
2144 4059 2234 4110 VI.
2270 4076 2320 4124 p.
2358 4062 2475 4119 707,
2612 4059 2648 4122 ³)
2684 4060 2744 4109 V.

407 4144 521 4194 Chr.
558 4143 902 4196 Schuchardt.-
958 4145 1126 4195 Lucas
1163 4144 1392 4196 Cranach
1440 4147 1481 4195 Ι.
1530 4161 1582 4211 p.
1621 4147 1735 4198 205.
1875 4145 1915 4209 ⁴)
1950 4145 2053 4194 Hic
2100 4146 2175 4193 ita
2221 4144 2484 4209 inscripsit
2530 4144 2584 4193 iu
2631 4142 2746 4193 albo

400 4227 631 4280 Vnivch.
668 4230 921 4280 Ienensis:
978 4230 1232 4291 „Michael
1269 4229 1433 4279 Stiffel
1469 4246 1646 4291 senex,
1699 4230 1890 4280 artium
1923 4230 2165 4294 magister
2212 4234 2263 4279 61
2317 4229 2552 4280 minister
2602 4227 2743 4277 verbi

402 4311 619 4363 divini.“
755 4314 792 4379 ⁵)
828 4313 890 4366 V.
929 4314 990 4365 G.
1033 4315 1133 4368 Ost.
1150 4315 1385 4381 Knappii
1416 4315 1607 4380 scripta
1639 4315 1771 4364 varii
1806 4330 1912 4380 arg.
1949 4314 2007 4366 T.
2025 4315 2068 4364 Ι.
2104 4330 2154 4379 p.
2175 4317 2291 4368 647.
2343 4314 2540 4364 Iustum
2568 4313 2746 4363 Ionam

401 4402 575 4464 postea
609 4400 733 4450 Iena
767 4399 1105 4450 discedentem
1143 4398 1388 4465 Stigelius
1424 4400 1644 4450 carmine
1680 4398 1969 4452 celebravit.
2008 4399 2081 4460 (T.
2118 4400 2159 4447 Ι.
2198 4415 2248 4464 p.
2285 4400 2422 4462 425.)
