3499 5219
1257 442 1820 505 —225—

368 620 437 677 ut
491 611 687 696 plane
740 614 1081 693 appareret
1134 628 1264 673 non
1316 607 1511 677 fuisse
1562 608 1854 676 homines
1905 609 2012 693 qui
2053 609 2377 695 Polynicis
2419 612 2703 682 cadaver

368 710 819 798 sepelivissent
859 709 977 775 sed
1016 710 1250 776 factam
1292 729 1427 776 rem
1471 728 1613 776 esse
1656 710 1918 776 deorum
1962 710 2239 794 quadam
2294 716 2699 800 providentia

367 821 561 900 atque
628 832 797 877 cura.
894 811 1123 876 Mirum
1194 819 1332 877 erat
1402 811 1571 878 enim
1641 812 1949 877 intactum
2017 812 2289 881 iacuisse
2358 836 2585 902 corpus
2655 838 2698 884 a
2779 816 2783 820 ’

368 917 631 983 canibus
687 933 763 979 ac
816 912 1054 994 beluis,
1130 913 1301 996 quod
1357 913 1439 978 de
1491 913 1808 980 industria
1862 914 2114 980 addidit
2165 918 2434 985 nuncius
2495 926 2564 984 ut
2627 939 2698 985 se

367 1018 696 1101 sociosque
739 1034 887 1080 suos
928 1020 1232 1097 tanquam
1276 1014 1580 1081 divinitus
1622 1016 2000 1083 obcaecatos
2055 1025 2388 1085 excusaret
2439 1026 2699 1104 propter

368 1118 846 1204 negligentiam.

538 1220 724 1299 Quod
767 1238 829 1282 v.
875 1220 1018 1284 263.
1073 1217 1305 1300 legitur
1358 1209 1495 1281 ἀλλ’
1556 1215 1787 1301 ἔφευγε
1838 1215 1916 1281 τὸ
1957 1217 2045 1303 μὴ
2092 1217 2335 1285 εἰδέναι
2375 1240 2520 1287 mea
2562 1224 2700 1304 qui-

369 1324 515 1388 dem
559 1320 876 1387 sententia
917 1317 1289 1383 mutandum
1334 1326 1431 1384 est
1471 1319 1541 1384 in
1584 1312 1722 1382 ἀλλ’
1774 1318 2018 1403 εφασκε
2059 1318 2145 1405 μή
2194 1320 2451 1387 εἰδέναι.

538 1425 615 1489 Ῑιι
656 1424 736 1489 iis
780 1441 945 1504 quae
988 1440 1174 1505 porro
1217 1427 1555 1485 narrantur
1596 1420 1679 1485 ab
1722 1422 1988 1487 nuncio:

800 1513 955 1601 ἦμεν
997 1519 1059 1581 δ’
1110 1520 1335 1600 ἕτοιμοι
1382 1521 1482 1582 καὶ
1524 1499 1839 1602 μύδρους
1843 1519 2033 1604 αἴρειν
2065 1529 2275 1606 χεροῖν

802 1606 901 1667 καὶ
944 1612 1067 1688 πῦρ
1113 1604 1375 1688 διέρπειν
1416 1607 1514 1666 καὶ
1559 1605 1751 1679 θεοὺς
1790 1603 2123 1690 ὃρκωμοτει
2128 1634 2161 1670 ν

367 1728 547 1811 quasi
590 1726 838 1792 ordalia
880 1725 1211 1809 quaedam,
1256 1742 1421 1809 quae
1465 1724 1758 1790 dicuntur
1797 1724 1993 1791 medii
2034 1727 2198 1808 aevi,
2241 1726 2415 1811 apud
2453 1727 2695 1813 Sopho·

368 1831 529 1895 clem
584 1848 656 1893 se
711 1828 1030 1894 detexisse
1085 1828 1268 1892 multi
1323 1827 1577 1893 fuerunt
1632 1826 1741 1910 qui
1794 1826 2144 1892 crederent.
2239 1828 2326 1894 At
2380 1830 2692 1897 eiusmodi

368 1930 741 1996 iudiciorum
777 1929 952 2012 apud
980 1929 1257 1995 Graecos
1298 1948 1383 1994 ne
1423 1929 1764 2012 vestigium
1807 1926 2063 2012 quidem
2105 1919 2444 2012 invenitur,
2489 1951 2696 2015 neque

367 2031 453 2098 ad
494 2032 657 2098 haec
697 2032 935 2096 iudicia
976 2031 1109 2095 ullo
1153 2029 1343 2094 modo
1385 2031 1704 2114 pertinere
1756 2036 2026 2114 possunt
2078 2050 2159 2096 ea
2210 2051 2375 2115 quae
2428 2033 2698 2101 nuncius

366 2134 575 2200 refert.
649 2134 883 2198 Narrat
926 2133 1095 2198 enim
1138 2132 1252 2198 ille
1294 2150 1365 2198 se
1407 2150 1681 2215 suosque
1721 2138 1875 2214 tum,
1921 2151 2113 2215 quum
2147 2132 2383 2217 singuli
2410 2134 2695 2217 singulos

367 2238 750 2316 incusarent,
797 2240 1054 2317 paratos
1095 2234 1291 2299 fuisse
1336 2220 1567 2319 (ἦμεν
1611 2231 1890 2314 ἕτοιμοι)
1934 2240 2046 2300 aut
2072 2234 2466 2318 ponderosas
2493 2237 2696 2320 moles

344 2338 595 2403 stollere
636 2335 931 2401 manibus
975 2342 1085 2400 aut
1127 2355 1240 2417 per
1281 2335 1463 2417 ignes
1502 2355 1717 2401 meare
1760 2340 1870 2400 aut
1910 2355 2222 2400 summum
2259 2335 2696 2403 iusiurandum

367 2445 727 2523 praestare3
783 2456 947 2520 quae
1000 2438 1215 2502 omnia
1230 2484 1246 2517 ,
1306 2437 1362 2503 si
1416 2436 1499 2503 de
1552 2435 1788 2501 iudicio
1847 2436 2125 2519 quodam
2179 2437 2433 2523 publico
2488 2457 2695 2505 sermo

370 2545 569 2623 esset,
628 2539 727 2605 cui
771 2558 843 2605 se
883 2537 1256 2603 submissuri
1298 2544 1480 2603 erant
1522 2536 1817 2603 custodes
1864 2544 1935 2602 ut
1975 2558 2119 2606 sese
2160 2547 2530 2625 purgarent,
2591 2538 2696 2608 de-

367 2643 610 2708 bebant
660 2640 925 2725 proferri
983 2638 1246 2724 ἐσμὲν,
1282 2632 1348 2704 δ’
1405 2639 1659 2721 ἕτοιμοι
1672 2666 1694 2720 ,-
1748 2659 1901 2705 nam
1955 2640 2013 2706 si
2065 2641 2151 2707 ad
2203 2642 2503 2709 iudicium
2558 2663 2697 2728 per·

367 2744 706 2810 tinuissent
721 2792 737 2825 ‚
810 2763 1022 2808 coram
1095 2741 1367 2808 Creonte
1434 2741 1645 2808 iudice
1713 2741 2106 2825 praestanda
2174 2752 2374 2810 erant.
2484 2743 2696 2826 Quare

367 2844 790 2928 intelligenda
846 2850 992 2910 sunt
1045 2844 1127 2909 de
1182 2864 1358 2911 more
1412 2842 1685 2926 quodam
1742 2842 2037 2927 populari
2093 2864 2170 2910 ac
2223 2846 2396 2929 rudi,
2471 2864 2595 2930 quo
2648 2848 2695 2912 ii

369 2947 478 3030 qui
519 2946 852 3012 veritatem
897 2945 1049 3011 dicti
1091 2944 1356 3010 alicuius
1398 2945 1823 3011 asseveraturi
1866 2953 2065 3026 erant,
2119 2965 2207 3029 se,
2264 2949 2332 3012 ni
2372 2948 2462 3012 ita
2506 2955 2693 3030 esset,

368 3047 544 3132 apud
584 3047 821 3113 inferos
862 3048 1035 3112 velle
1076 3065 1355 3113 summas
1399 3046 1574 3113 luere
1615 3064 1859 3129 poenas
1904 3044 2283 3112 dictitarent.

539 3150 750 3233 Atque
805 3146 969 3214 illud
1031 3144 1318 3230 μύδρους
1382 3146 1593 3227 αἴρειν
1662 3150 1879 3228 χεροῖν
1953 3149 2228 3230 pertinet
2293 3148 2378 3213 ad
2433 3149 2695 3235 Sisyphi

367 3249 757 3316 fraudulenti
809 3249 1063 3315 labores
1118 3248 1187 3313 in
1244 3247 1405 3315 Orco
1464 3249 1909 3334 perferendos,
1974 3248 2095 3314 hoc
2145 3269 2327 3332 vero,
2393 3248 2504 3315 καὶ
2560 3252 2693 3330 πῦρ

373 3352 685 3434 διέρπειν,
717 3349 804 3416 ad
831 3350 1458 3435 Pyriphlegethontis
1485 3350 1718 3416 fiumen
1749 3355 1834 3429 (v.
1864 3349 2165 3433 Apollod.
2198 3352 2423 3434 fragm.
2462 3371 2526 3435 p.
2549 3356 2692 3418 393.

370 3454 636 3538 Heyn.),
710 3472 974 3536 quorum
1042 3453 1305 3517 nomina
1358 3452 1503 3534 ipsa
1555 3472 1686 3518 non
1742 3452 1980 3535 profert
2033 3453 2303 3535 agrestis
2356 3459 2548 3536 atque
2601 3454 2695 3519 in·

372 3556 595 3620 doctus
650 3553 870 3636 homo,
946 3553 1028 3619 de
1087 3555 1230 3637 ipsa
1290 3573 1359 3619 re
1412 3555 1618 3636 magis
1674 3553 1956 3620 curiosus
2009 3571 2199 3636 qnam
2255 3553 2337 3620 de
2389 3551 2695 3636 fabulosis

369 3656 751 3722 nominibus.
839 3652 1118 3738 Μύδρος
1170 3661 1383 3721 autem
1431 3654 1735 3739 primaria
1776 3654 2237 3738 significatione
2278 3653 2452 3737 apud
2495 3655 2695 3741 Hesy-

370 3758 582 3822 chium
635 3763 733 3823 est
786 3748 983 3838 ἀργὸς
1042 3757 1310 3843 σίδηρος
1373 3764 1485 3822 aut
1541 3753 1852 3838 κραταιὸς
1907 3752 2103 3832 λίθος
2175 3756 2362 3836 (λᾶας
2418 3748 2692 3842 ἀναιδής

370 3858 477 3941 qui
533 3856 760 3922 dicitur
814 3857 1148 3942 Homero);
1207 3859 1290 3925 de
1344 3877 1558 3924 massa
1609 3858 1713 3924 vel
1773 3857 1940 3925 aeris
1995 3858 2100 3924 vel
2156 3856 2306 3924 ferri
2361 3857 2694 3926 candentis

368 3980 500 4037 non
542 3965 880 4042 usurpatur
919 3959 1045 4025 nisi
1086 3968 1197 4026 aut
1250 3959 1525 4025 addatur
1582 3956 1933 4039 διάπυρος,
1990 3959 2166 4024 velut
2206 3957 2275 4023 id
2316 3957 2552 4025 factum
2597 3967 2694 4026 est

369 4062 452 4126 ab
482 4061 868 4144 Anaxagora
910 4081 1103 4144 quum
1143 4062 1344 4128 solem
1387 4061 1626 4128 diceret
1668 4080 1812 4127 esse
1852 4058 2095 4142 μύδρον
2128 4057 2451 4138 διάπυρον
2481 4061 2692 4144 (Diog.

369 4164 442 4227 L.
489 4162 574 4245 ΙΙ,
622 4167 680 4245 3,
726 4165 829 4244 4.),
889 4169 999 4228 aut
1040 4162 1095 4229 si
1139 4182 1254 4246 per
1291 4183 1364 4229 se
1405 4181 1508 4229 res
1549 4162 1640 4228 ita
1681 4161 1765 4228 sit
1806 4168 2048 4246 aperta,
2106 4169 2176 4227 ut
2223 4162 2398 4247 apud
2442 4161 2690 4227 Gallim.

371 4265 563 4330 Dian.
620 4268 720 4329 49.
821 4266 1057 4330 Eorum
1111 4263 1477 4348 mydrorum
1541 4264 1732 4344 rati0‚
1808 4263 2033 4346 quibus
2085 4262 2525 4328 Phocaeenses
2596 4265 2697 4328 usi

371 4372 519 4431 sunt
575 4365 1009 4447 (Herodot.1‚
1072 4369 1235 4485 165.)
1293 4373 1357 4432 et
1408 4364 1718 4431 Aristides
1777 4364 2118 4445 (Plutarch.
2174 4385 2235 4429 v.
2281 4363 2540 4429 Aristid.
2587 4370 2643 4430 5.
2648 4371 2696 4447 J,

473 4476 751 4516 Gtmmm
795 4474 1012 4525 pl
2233 4468 2289 4516 15
