3499 5219
1683 418 2207 480 *46—

972 653 1110 726 DE
1159 651 1406 727 VIRO
1460 650 1858 727 SANOTO
1908 650 2373 729 MARTINO
2424 593 2911 730 LVTHERO

768 846 1007 897 PURAE
1052 846 1468 897 DOCTRINAE
1509 845 1905 898 EUANGELII
1946 847 2495 898 INSTAURATORE
2511 880 2528 913 ‚
2599 848 2698 897 Ex
2738 848 2884 899 HAG
2926 849 3117 901 MOR-

820 965 988 1015 TALI
1040 964 1214 1016 UITA
1265 964 1363 1014 AD
1416 964 1808 1014 AETERNAM
1856 965 1986 1014 DEI
2039 965 2653 1017 CONSUETUDINEM
2700 966 3058 1019 EUOCATO.

1563 1162 1730 1256 Qiuff
1786 1167 1903 1235 bas
1960 1164 2327 1260 (fibristlidye

917 1297 1205 1382 ubiterben
1249 1299 1349 1363 bess
1392 1295 1633 1381 heiligen
1679 1295 2028 1382 Zbeologen,
2071 1296 2354 1365 §Doctotiss
2399 1297 2669 1369 §martini
2711 1298 2957 1386 catheti„

1402 1451 1586 1531 §Dutch
1630 1450 1729 1514 fflz.
1773 1441 2096 1532 &obeuntem
2138 1448 2467 1530 &tigeliunt

1758 1600 1826 1651 Μ.
1863 1600 1919 1651 n.
1957 1601 2118 1652 XLVI.

1618 1696 2216 1788 ”VITEBERGAR

761 1928 881 1993 DE
922 1924 1128 1992 VIRO
1171 1923 1508 1991 SANCTO
1549 1922 1944 1990 MARTINO
1987 1924 2391 1991 LUTHERO
2430 1926 2716 1992 PVRAE
2752 1927 3102 1995 DOCTRI-

1167 2044 1172 2048 ·
1211 2028 1390 2092 ΝΑΕ
1436 2026 1921 2092 EVANGELII
1964 2027 2652 2127 INSTAVRATORE,

865 2185 955 2230 Ex
997 2182 1135 2230 HAG
1175 2182 1480 2229 MORTALI
1524 2182 1680 2228 vrrA
1723 2183 1819 2228 AD
1862 2162 2230 2229 AETERNAM
2270 2183 2392 2229 Dm
2434 2182 3005 2233 consunmnm

1762 2283 2101 2331 EuocATO.

1065 2420 1224 2482 cvm
1267 2420 1454 2479 veluti
1497 2420 1681 2480 crassi
1724 2423 2095 2496 premeretur
2136 2424 2308 2479 nocte
2352 2421 2583 2481 ueterni

1150 2503 1413 2564 Obrutus
1458 2523 1726 2564 errorum
1773 2506 2045 2565 sordibus
2088 2506 2249 2564 orbis
2290 2506 2470 2585 iners,

1066 2589 1417 2666 Oblitusque
1461 2591 1577 2650 Dei
1618 2609 1736 2650 non
1781 2594 2014 2651 sanctas
2056 2591 2231 2651 nixus
2274 2592 2352 2651 ad
2395 2611 2531 2653 aras

1150 2675 1499 2736 Pontificum
1543 2676 1755 2735 falsam
1797 2676 2007 2735 fraude
2051 2676 2243 2736 sitiret
2286 2696 2477 2756 opem,

1061 2763 1320 2839 Ipsaque
1362 2760 1565 2820 fidenti
1609 2780 1765 2837 quae
1811 2762 2037 2820 coelum
2081 2762 2210 2821 sola
2251 2763 2503 2822 recludit

1146 2848 1321 2906 Esset
1362 2846 1582 2922 ubique
1628 2865 1875 2924 operum
1917 2847 2073 2905 nube
2119 2848 2352 2924 sepulta
2392 2846 2569 2908 fides:
2619 2914 2627 2919 ⁴

1063 2934 1153 2992 Te
1197 2933 1363 2991 Deus
1408 2950 1439 2990 e
1484 2932 1689 2991 mediis
1731 2932 1951 2992 inuicte
1993 2932 2257 2991 Luthere
2300 2934 2561 2993 tenebris

1148 3017 1415 3095 Sustulit,
1461 3017 1679 3076 adflatu
1724 3017 2142 3092 constituitque
2185 3036 2311 3096 suc,

1060 3102 1466 3178 Instruxitque
1494 3104 1692 3181 tubae,
1738 3103 2025 3162 Paulinae
2070 3106 2128 3161 et
2170 3102 2413 3162 fulmine
2457 3103 2695 3180 linguae

1143 3188 1323 3247 Iussit
1368 3191 1425 3247 et
1469 3189 1711 3265 exploso
1757 3206 1903 3247 uera
1944 3189 2157 3247 docere
2202 3189 2354 3248 dolo.

1059 3274 1190 3333 Nec
1233 3291 1415 3351 mora,
1458 3277 1523 3331 tu
1567 3292 1854 3350 reparans
1899 3272 2145 3332 amissae
2189 3292 2336 3332 vera
2379 3273 2585 3332 salutis

1145 3359 1457 3436 Dogmata,
1503 3359 1908 3434 magnanimus
1952 3358 2179 3434 grande
2223 3358 2408 3417 tueris
2452 3376 2621 3437 onus7

1059 3445 1183 3502 Iam
1226 3443 1333 3502 tibi
1377 3460 1508 3501 cum
1551 3447 1672 3502 toto
1716 3448 1968 3519 surgunt
2012 3443 2332 3502 certamina
2374 3444 2611 3522 mund0‚

1150 3529 1308 3586 Dum
1351 3528 1498 3586 seris
1543 3528 1830 3587 abiectam
1875 3546 2081 3586 rursus
2124 3528 2185 3586 in
2230 3529 2372 3588 orbe
2417 3527 2608 3586 fidem.

1058 3614 1179 3672 Dat
1224 3617 1417 3671 tamen
1463 3616 1522 3671 et
1564 3613 1741 3690 uires,
1791 3617 1849 3672 et
1891 3613 2091 3673 nescia
2133 3618 2377 3689 pectora
2420 3614 2576 3672 vinci

1142 3700 1425 3773 Iustaque
1470 3698 1760 3774 pugnanti
1804 3699 2070 3774 suggerit
2113 3717 2276 3757 arma
2318 3699 2504 3776 DeUS‚

1056 3783 1182 3841 Iam
1225 3783 1469 3842 detecta,
1497 3783 1651 3842 iacet
1693 3783 1940 3861 specieS‚
1985 3784 2250 3841 detectus
2294 3784 2535 3862 abusus,

1138 3868 1520 3943 Fucataeque
1564 3869 1726 3928 rudis
1770 3868 2095 3943 relligionis
2138 3886 2316 3926 amor.

1055 3950 1342 4029 Quaeque
1384 3953 1483 4011 diu
1525 3956 1711 4012 totum
1754 3954 1981 4013 coelum
2022 3953 2231 4012 venale
2273 3972 2385 4029 per
2427 3954 2629 4013 orbem

1139 4039 1435 4116 Gesserat,
1482 4042 1570 4097 est
1611 4058 1816 4116 pugna
1853 4039 2055 4099 bellua
2096 4038 2254 4098 victa
2293 4042 2412 4116 tua.

1053 4123 1378 4198 Turbaque
1421 4123 1757 4198 pontificum
1799 4142 1908 4200 pro
1954 4123 2111 4182 ueris
2153 4122 2307 4183 falsa
2348 4124 2658 4183 docentum

1134 4208 1381 4266 Vindice
1425 4211 1484 4266 te
1526 4210 1732 4269 merito
1776 4210 1987 4267 damna
2030 4208 2232 4267 dolore
2274 4209 2426 4268 tulit.

1061 4293 1151 4352 Te
1197 4293 1453 4352 coeleste
1495 4293 1613 4353 Dei
1652 4295 1900 4354 verbum
1941 4294 2327 4373 instaurante,
2372 4293 2594 4371 refugit

1104 4453 1107 4456 Ι
1149 4377 1452 4453 Quidquid
1494 4379 1654 4440 iners
1698 4379 1907 4439 stolido
1953 4382 2193 4455 pectore
2237 4380 2416 4440 tradit
2458 4380 2629 4440 homo
