3499 5219
1296 425 1633 488 ——281
1740 460 1859 468 ——-

411 596 627 661 senior
670 592 930 676 quidam
973 590 1266 656 assidens
1308 592 1685 674 respondet:
1754 589 1826 675 νὴ
1883 587 1995 654 τὸν
2046 585 2362 673 Ἡρακλέα
2377 643 2394 671 ,
2454 596 2755 677 puerulus

413 706 628 763 autem
678 694 936 778 quidam
978 692 1191 757 addit:
1251 687 1460 777 αὑτηί,
1511 693 1624 776 ἔαρ
1668 689 1812 778 ἤδη.
1904 693 2126 760 Simile
2170 702 2267 761 est
2307 695 2472 760 illud
2515 697 2753 762 Aristo-

414 800 739 882 phaneum
784 795 996 878 Equit.
1042 798 1185 858 421.
1231 814 1354 876 quo
1397 812 1549 859 usus
1595 803 1692 862 est
1718 796 2047 861 Panofka:
2093 800 2460 879 σκέψασθε,
2495 799 2749 875 παῖδες,

416 897 530 981 οὐχ
577 890 821 980 ὃρᾶθ’,·
868 891 1008 976 ὥρα
1051 900 1181 974 νέα.
1229 894 1520 975 χελιδών.

587 1002 671 1067 Vt
713 1020 787 1065 eo
830 998 1092 1064 tandem
1135 1004 1548 1080 revertamur,
1594 998 1768 1064 unde
1812 1000 2021 1066 exorsi
2065 1021 2298 1085 sumus,
2344 1004 2411 1067 in
2443 1005 2754 1086 epigram-

413 1111 589 1170 mate
630 1101 1059 1183 Anthologiac
1101 1100 1330 1165 mirum
1372 1099 1626 1166 videtur
1667 1101 1840 1183 quod
1892 1110 2085 1186 poeta
2136 1104 2303 1169 inter
2344 1124 2517 1170 mere
2560 1106 2756 1171 attica

415 1215 734 1271 oratorum
776 1203 1092 1268 vocabula
1134 1222 1195 1266 v.
1246 1209 1300 1266 1.
1344 1202 1673 1286 proposuit
1702 1204 1898 1268 etiam
1930 1210 2107 1285 σφὶν,
2155 1224 2278 1286 quo
2308 1226 2438 1270 non
2480 1207 2579 1271 usi
2607 1215 2755 1271 sunt

416 1309 594 1374 attici
639 1313 940 1371 oratores.
1000 1303 1212 1382 Quare
1254 1303 1405 1370 vide
1448 1325 1531 1370 ne
1574 1305 1901 1388 scripserit
1945 1304 2260 1370 πολλοῦ
2308 1309 2408 1372 δεῖ
2451 1312 2555 1371 καὶ
2589 1312 2749 1390 γρῦ,

416 1431 608 1476 versu
662 1415 877 1474 autem
932 1407 1189 1470 ultimo:
1255 1403 1635 1488 προσθήσει
1695 1399 1759 1468 δ’
1809 1398 2036 1483 αὐτοῖς
2080 1414 2308 1492 σφιν,
2373 1414 2588 1493 ‹pa-fn
2644 1411 2750 1476 καὶ

414 1539 458 1593 μ
479 1518 503 1576 ί
519 1538 552 1575 ν
617 1509 733 1576 ἔτι.
836 1510 1005 1574 Nam
1068 1507 1185 1590 γρῦ
1253 1507 1567 1572 vocabulo
1632 1508 1826 1572 etiam
1891 1510 2359 1577 Demosthenes
2421 1532 2573 1577 usus
2636 1521 2751 1579 cst.

418 1614 589 1680 Crito
633 1618 847 1679 autem
891 1630 1071 1675 suam
1132 1608 1214 1673 de
1272 1614 1463 1692 σφίν,
1526 1615 1707 1693 φαθί
1751 1617 1816 1674 et
1867 1607 1980 1689 μίν
2040 1610 2391 1676 doctrinam
2446 1620 2750 1696 tanquam

413 1716 789 1781 mantissam
847 1713 1130 1795 aliquam
1186 1712 1503 1794 poeticam
1558 1711 1889 1778 addidisse
1943 1713 2195 1778 videtur
2248 1715 2608 1799 praeceptis
2672 1716 2755 1783 de

415 1818 642 1883 Atticis
687 1814 1090 1881 dictionibus.

486 2257 603 2322 DE
649 2251 1178 2322 SOLOECISMO
1223 2251 1537 2319 LOGICO
1581 2252 2072 2319 RHETORICO
2119 2255 2682 2335 GRAMMATICO

1103 2354 1476 2434 EIVSQVE
1520 2354 2066 2434 VERILOQVIO.

588 2541 1111 2609 concludendum
1135 2548 1231 2606 est
1260 2562 1341 2607 ex
1364 2542 1725 2609 Aristotelis
1757 2545 1919 2609 libro
1943 2544 2026 2611 de
2052 2544 2405 2630 sophisticis
2429 2547 2692 2611 elenchis
2709 2549 2721 2580 ¹
2729 2563 2749 2624 )

422 2649 504 2725 (3.
549 2668 611 2729 p.
666 2643 825 2711 165¹)
873 2645 1113 2722 Bekk.)
1158 2644 1478 2728 sophistas
1522 2646 1796 2728 primum
1839 2647 1908 2712 in
1953 2667 2132 2713 suam
2176 2649 2469 2731 logicam,
2528 2651 2583 2714 si
2627 2670 2752 2732 qua

414 2768 569 2813 vera
610 2748 729 2812 fuit
766 2747 975 2829 logica
1019 2746 1466 2829 sophistarum,
1513 2747 1946 2814 introduxisse
1987 2751 2342 2812 soloecismi
2365 2751 2747 2816 vocabulum

414 2849 832 2932 inprimisque
889 2849 1320 2930 Protoqoram
1364 2848 1767 2923 Abderitom3
1822 2851 1914 2916 ita
1970 2853 2140 2917 enim
2187 2851 2348 2916 dixit
2389 2853 2536 2918 ille:
2595 2855 2747 2936 περὶ

416 2950 487 3015 δὲ
545 2952 677 3014 τῶν
724 2949 1155 3032 ἅγονιστικῶν
1212 2949 1320 3013 καί
1378 2947 1720 3029 ἐριστικῶν
1780 2954 1890 3015 νῦν
1950 2952 2252 3035 λέγωμεν.
2341 2956 2623 3033 Πρῶτον
2669 2953 2748 3042 δὴ

415 3052 699 3138 ληπτέον
745 3049 976 3116 πόσων
1023 3050 1448 3131 στοχάζονται
1480 3051 1543 3116 οἱ
1589 3049 1657 3117 ἕν
1702 3061 1844 3128 τοῖς
1876 3051 2098 3134 λόγοις
2130 3047 2597 3135 ἀγωνιζόμενοι
2641 3057 2744 3120 καὶ

415 3156 1070 3240 διαφιλονεικοῦντες.
1164 3153 1303 3218 ἔστι
1350 3153 1419 3217 δὲ
1463 3158 1659 3219 πέντε
1704 3157 1909 3218 ταῦτα
1953 3155 2064 3220 τὸν
2113 3149 2438 3241 ἀριθμόν,
2499 3155 2751 3239 ἔλεγχος

414 3259 522 3321 καὶ
583 3256 829 3339 ψεῦδος
887 3254 997 3320 καὶ
1053 3253 1432 3338 παράδοξον
1488 3257 1592 3320 καὶ
1655 3256 2201 3336 σολοικισμὸς
2274 3261 2378 3322 καὶ
2441 3263 2748 3342 πέμπτον

412 3358 489 3423 τὸ
535 3361 820 3444 ποιῆσαι
866 3353 1301 3443 ἆδολεσχῆσαι
1346 3355 1460 3420 τὸν
1506 3356 2180 3441 προσδιαλεγόμενον·
2239 3362 2432 3423 τοῦτο
2494 3354 2558 3426 δ’
2610 3359 2748 3426 ἐστὶ

413 3461 490 3526 τὸ
557 3459 879 3536 πολλάκις
944 3452 1430 3541 ἀναγκάζεσθαι
1493 3455 1690 3523 ταύτὸ
1760 3459 1983 3541 λέγειν.
2091 3459 2381 3541 μάλιστα
2443 3462 2562 3543 μὲν
2628 3462 2748 3545 γὰρ

553 3699 587 3753 ¹)
633 3698 782 3749 Hunc
831 3696 1018 3747 librum
1073 3698 1270 3763 Topicis
1315 3696 1549 3747 adiunxit
1601 3695 1781 3746 Theod.
1833 3697 2092 3757 Waitzius,
2145 3697 2224 3746 vir
2270 3700 2751 3761 praestantissimuS,

416 3790 660 3847 tanquam
705 3783 942 3833 ultimum
989 3787 1180 3846 (organ.
1229 3781 1287 3834 T.
1322 3783 1393 3833 ΙΙ.
1443 3798 1490 3846 p.
1530 3784 1629 3833 240
1665 3784 1760 3844 sq.)
1810 3781 2056 3844 probante
2103 3781 2296 3833 Zellero
2344 3783 2535 3836 Philos.
2573 3785 2749 3836 Graec.

415 3870 488 3928 (II
525 3869 621 3931 ed.)
658 3868 716 3920 T.
752 3868 794 3928 1,
831 3883 882 3931 p.
905 3868 1020 3919 769.
1088 3869 1443 3918 Verumtamen
1478 3867 1588 3931 ipse
1622 3866 1917 3916 Aristoteles
1952 3882 1983 3916 a
2017 3868 2189 3933 topicis
2224 3872 2276 3916 et
2311 3870 2570 3937 analyticis
2605 3879 2750 3935 (quae

412 3953 660 4020 peculiari
714 3951 868 4001 titulo
914 3952 1211 4002 Aristotelio
1262 3952 1399 4018 apud
1446 3952 1722 4002 Waitzium
1777 3967 1878 4000 non
1928 3956 2119 4014 carent)
2169 3950 2392 4002 seiunxit
2435 3953 2623 4005 librum
2670 3957 2750 4007 his

412 4039 606 4089 verbis:
657 4034 779 4103 περὶ
825 4033 928 4104 μὲν
977 4026 1072 4087 οὖν
1121 4038 1229 4087 τῶν
1278 4031 1666 4088 ἀποδεικτικῶν
1712 4033 1772 4087 ἐν
1806 4038 1920 4091 τοῖς
1948 4029 2303 4091 Ἀναλυτικοῖς
2337 4032 2575 4107 εἴρηται,
2625 4039 2749 4106 περὶ

415 4122 473 4175 δὲ
521 4125 632 4173 τῶν
682 4120 1026 4172 διαλεκτικῶν
1070 4118 1158 4170 καὶ
1205 4124 1571 4188 πειραστικῶν
1610 4117 1668 4173 ἒν
1702 4124 1818 4177 τοῖς
1853 4115 2030 4175 ἄλλοις
2066 4121 2119 4185 (i.
2159 4137 2201 4172 e.
2237 4122 2292 4171 in
2334 4121 2577 4188 Topicis),
2628 4127 2750 4190 περὶ

414 4208 472 4260 δὲ
508 4209 621 4258 τῶν
657 4202 1035 4273 ἀγωνιστικῶν
1067 4203 1157 4255 καὶ
1192 4203 1478 4271 ἐριστικῶν
1512 4208 1610 4256 νῦν
1643 4205 1897 4272 λέγωμεν.
1969 4207 2108 4257 Haec
2154 4213 2323 4259 autem
2365 4208 2601 4271 inprimis
2636 4226 2749 4274 per·

412 4295 576 4344 tinere
611 4294 673 4343 ad
711 4292 970 4357 Sophistas
1006 4291 1137 4341 dixit
1170 4291 1316 4340 Plato
1353 4292 1596 4356 (Sophist.
1633 4308 1684 4357 p.
1722 4294 1883 4345 23m2
1938 4292 2031 4350 τῆς
2075 4289 2183 4358 γὰρ
2233 4286 2591 4358 ἀγωνιστικῆς
2626 4291 2746 4359 περὶ

410 4374 605 4446 λόγους
641 4367 706 4439 ἦν
745 4393 822 4431 τις
858 4370 1107 4438 ἀθλητής,
1147 4372 1244 4437 τὴν
1280 4370 1552 4445 ἔριστικὴν
1591 4377 1781 4445 τέχνην
1817 4373 2220 4445 ἀφωρισμένος.
