3499 5219
763 639 825 702 p.
873 622 1016 684 232.
1105 618 1335 682 Ioanni
1375 617 1638 703 Stiqelz'o
1680 625 1931 703 poetae,
1980 619 2233 686 Theseo
2276 640 2413 688 suo.

721 755 959 832 Septem
1001 756 1286 836 Barbara,
1330 775 1434 817 sex
1477 758 1664 833 poclis
1707 757 1940 835 Regina
1980 758 2236 837 bibatur,

806 839 1072 913 Quatuor
1113 842 1307 920 Anna,
1351 841 1518 902 velut
1558 843 1936 919 Magdaliona
1978 843 2199 902 decem.

720 923 923 986 Omnis
966 926 1155 985 amica
1198 945 1305 986 suo
1347 928 1644 986 numerari
1686 928 1918 987 nomine
1963 928 2140 987 debet

804 1008 970 1082 Quae
1013 1011 1220 1072 saltem
1264 1017 1354 1072 est
1395 1013 1628 1072 domino
1670 1012 1861 1072 dulcis
1906 1013 2093 1072 amica
2135 1032 2260 1073 suo.

719 1093 994 1172 Quotque
1037 1100 1204 1157 notas
1246 1097 1500 1157 ostendit
1541 1101 1767 1157 amatae
1810 1116 2021 1157 nomen
2064 1098 2284 1159 amicae

802 1181 920 1240 Tot
962 1199 1200 1258 quoque
1244 1185 1381 1242 sunt
1424 1183 1637 1259 cupido
1680 1182 1820 1241 vina
1861 1182 2117 1242 bibenda
2159 1202 2361 1259 proco.

716 1265 879 1341 Ergo
923 1265 1092 1326 dabis
1133 1266 1367 1327 facilem
1409 1268 1640 1327 veniam
1680 1267 1839 1345 mihi,
1885 1266 2063 1327 chare
2107 1267 2334 1349 stigen,

802 1349 865 1410 Si
906 1369 1036 1412 mea
1079 1350 1326 1412 forsitan
1371 1356 1459 1412 est
1500 1352 1699 1413 sobria
1740 1352 1863 1412 vita
1905 1371 2131 1428 parum.
2417 1364 2432 1377 ·

715 1434 964 1497 Gutture
1006 1437 1180 1512 pocla
1223 1456 1434 1498 novem
1476 1437 1615 1496 mihi
1656 1441 1794 1497 sunt
1837 1437 2131 1498 sorbenda
2172 1436 2335 1499 fideli

799 1519 944 1581 Cum
986 1521 1159 1581 sociis
1201 1523 1432 1598 quoties
1474 1522 1682 1582 haurio
1725 1522 1866 1583 vina
1907 1522 2069 1582 meis.

709 1605 806 1664 Tu
852 1605 1076 1665 leviore
1119 1606 1272 1667 bibis
1314 1607 1543 1667 iactura
1584 1607 1676 1666 bis
1720 1608 1837 1667 duo
1881 1607 2117 1668 saltem:

794 1690 947 1749 Nam
991 1695 1055 1750 ut
1097 1692 1292 1767 placet
1332 1692 1454 1753 Illa
1495 1692 1622 1770 tibi,
1668 1692 1753 1751 sic
1802 1693 2178 1768 Cumqunda
2219 1693 2379 1754 mihi.

708 1774 927 1834 Ebrius
972 1794 1115 1852 ergo
1158 1776 1265 1837 tibi
1307 1778 1525 1854 possim
1568 1795 1643 1837 ne
1687 1777 1850 1836 solus
1892 1777 2098 1838 haberi

794 1858 949 1921 Illae
991 1861 1348 1938 adiungatur
1389 1866 1530 1922 nota
1571 1862 1810 1924 Sabina
1851 1865 2009 1921 tuae.

711 1943 983 2007 Carmine
1027 1946 1111 2005 sic
1154 1951 1436 2023 quantum
1478 1947 1665 2006 vincis
1708 1965 1821 2025 me,
1866 1946 2037 2006 docte
2083 1947 2310 2025 Stigeli,

794 2028 892 2089 Sic
935 2030 1108 2090 etiam
1152 2031 1354 2092 vincas
1397 2033 1703 2092 ebrietate.
1793 2032 1961 2091 Vale.

766 2231 827 2294 p.
876 2217 955 2280 83
1001 2234 1094 2296 sq.
1182 2215 1260 2280 In
1304 2217 1491 2280 icona
1534 2216 1791 2279 Ioannis
1838 2213 2089 2297 Sliqclii
2125 2222 2377 2300 poetae.

706 2349 1027 2413 Fertilibus
1068 2353 1273 2428 genuit
1316 2370 1490 2430 quem
1534 2355 1695 2413 clara
1737 2352 2067 2429 Thuringia
2108 2354 2327 2430 campis

793 2436 984 2495 Terra
1025 2436 1327 2512 Lycaonio
1371 2438 1532 2497 culta
1574 2439 1684 2498 sub
1727 2457 1840 2499 axe
1884 2438 2103 2517 iacens,

706 2517 894 2593 Quem
935 2539 1184 2599 puerum
1229 2523 1479 2583 blandae
1522 2523 1748 2584 Phoebi
1792 2523 2046 2583 docuere
2090 2540 2326 2586 sorores

790 2605 1060 2667 Castaliis
1103 2607 1343 2684 dignum
1386 2608 1646 2669 scribere
1692 2627 1929 2669 carmen
1972 2608 2162 2689 aquis,

704 2690 820 2766 Qui
862 2692 1098 2769 peperit
1139 2693 1356 2753 virtute
1401 2712 1510 2753 sua
1551 2694 1661 2754 sibi
1705 2713 1918 2753 nomen
1964 2697 2024 2754 et
2066 2698 2193 2754 arte

788 2776 901 2836 Hic
946 2777 1046 2836 ubi
1089 2777 1412 2856 Saxonicos
1457 2777 1694 2855 perfluit
1735 2779 1907 2839 Albis
1950 2798 2158 2855 agros:

703 2861 952 2938 Saepius
993 2862 1323 2939 Anglorum
1367 2881 1542 2940 quem
1583 2883 1691 2923 rex
1734 2864 2062 2923 donaverat
2106 2868 2164 2924 et
2206 2882 2313 2924 rex
2413 2899 2438 2916 ι

785 2946 957 3006 Vltro
1001 2947 1299 3026 invitarat,
1349 2948 1639 3009 Cimbrica
1679 2951 1860 3027 terra,
1907 2948 2122 3027 tuaest)

700 3032 779 3091 Et
820 3049 995 3108 quem
1040 3031 1328 3093 Saxoniae
1371 3033 1652 3109 princeps
1694 3033 1934 3092 Elector
1977 3032 2194 3093 amavit

787 3116 1037 3193 Saepius
1080 3117 1279 3177 affecit
1320 3118 1780 3193 muneribusque
1823 3117 1964 3195 suis,

701 3199 888 3275 Quem
931 3201 1084 3261 iusto
1128 3221 1307 3261 verae
1351 3202 1560 3262 ductus
1603 3202 1839 3261 virtutis
1882 3220 2078 3261 amore

783 3286 1084 3346 Nobilium
1126 3287 1314 3347 voluit
1358 3288 1577 3347 Caesar
1619 3287 1815 3347 inesse
1861 3285 2062 3365 chore,

698 3371 884 3430 Auxit
926 3375 984 3430 et
1024 3372 1348 3448 omnigenis
1391 3390 1525 3432 mox
1569 3371 1942 3432 libertatibus
1986 3373 2141 3431 ultro

785 3456 1109 3517 Germanus
1154 3475 1403 3533 quarum
1446 3475 1689 3515 munere
1732 3456 1953 3533 gaudet
1997 3474 2199 3532 eques.

701 3539 888 3615 Quem
919 3540 1121 3600 schola
1150 3540 1438 3601 Saxonico
1471 3560 1590 3617 qua
1619 3541 1786 3600 nulla
1814 3540 2181 3617 frequentior
2210 3541 2353 3600 orbe
2384 3543 2475 3600 est

781 3625 986 3685 Audiit
1027 3625 1202 3686 Aonii
1245 3628 1466 3703 scripta
1507 3626 1720 3686 docere
1765 3625 1985 3704 gregis,

698 3709 971 3787 Quinque
1016 3709 1212 3770 forent
1252 3712 1340 3770 illi
1383 3729 1514 3770 cum
1556 3710 1813 3771 nondum
1856 3711 2044 3770 lustra
2084 3713 2345 3788 peracta,

780 3796 1020 3872 Integro
1064 3795 1294 3855 iuvenis
1336 3796 1549 3856 robore
1591 3795 1726 3854 talis
1772 3797 1917 3854 erat.

695 3880 864 3940 Illius
908 3898 1015 3940 ora
1056 3880 1223 3939 vides
1267 3880 1409 3940 exili
1449 3879 1608 3956 picta
1648 3880 1871 3939 tabella

781 3963 904 4024 Ora
944 3983 1114 4025 sacro
1160 3964 1341 4025 Clarii
1383 3965 1505 4024 lota
1548 3964 1778 4041 liquore
1822 3964 1938 4023 dei.

694 4049 950 4109 Mentem
992 4051 1241 4126 pingere
1284 4050 1387 4109 vix
1431 4048 1586 4108 Cous
1628 4049 1919 4126 potuisset
1958 4046 2224 4125 Apelles,

780 4133 945 4207 Quae
988 4137 1183 4194 tamen
1228 4153 1261 4194 8
1304 4134 1538 4211 scriptis
1582 4137 1671 4193 est
1711 4133 1822 4195 tibi
1862 4136 2002 4193 nota
2041 4131 2184 4192 suis,

527 4304 564 4368 ¹)
601 4302 665 4354 V.
698 4318 752 4368 p.
793 4303 872 4353 15.
