3499 5219
1776 399 2343 463 ——208-——

1060 568 1272 647 Quare
1314 566 1734 651 Orphicorum
1777 586 2013 633 nomen
2057 586 2189 632 non
2231 566 2315 632 ab
2358 566 2618 632 homine
2660 566 2875 649 aliquo
2891 613 2909 647 ,
2954 564 3231 651 Orpheo,

889 669 1306 755 repetendum
1350 676 1478 750 est,
1524 669 1642 735 sed
1683 669 1768 734 ab
1812 667 2115 735 universa
2156 668 2301 753 ipsa
2344 675 2577 733 natura
2619 669 2845 734 horum
2889 668 3227 751 initiorum,

889 791 1055 854 quae
1097 771 1471 837 colebantur
1511 771 1581 836 in
1624 772 1864 834 occulto
1883 773 1948 848 ²).
2021 770 2194 836 Sane
2238 771 2411 836 enim
2450 790 2688 837 nomen
2719 770 2931 854 ipsum
2960 772 3230 855 pertinet

889 874 976 939 ad
1020 871 1280 956 ἐρέφειν
1314 872 1495 939 verbi
1530 872 2038 955 originationem,
2086 872 2257 955 quod
2300 879 2399 939 est
2440 882 2668 955 tegere,
2714 874 3017 944 occulere,
3062 872 3228 940 unde

890 974 1535 1058 descendit‘primum
1582 973 1834 1054 ἔρεβος,
1896 974 2132 1041 deinde
2188 974 2448 1040 mutatis
2503 974 2590 1040 ad
2639 975 2929 1057 regulam
2973 974 3229 1057 linguae

887 1076 1217 1143 vocalibus
1262 1072 1472 1161 ὀροφή
1521 1083 1585 1142 et
1631 1072 1880 1161 ὄροφος
1925 1084 2170 1154 tectum,
2212 1083 2439 1160 postea
2483 1077 2676 1142 etiam
2723 1070 2971 1160 ὀρφνόν
3020 1076 3228 1139 obscu-

886 1199 1025 1241 rum
1069 1185 1134 1245 et
1179 1174 1467 1263 c’iqqovffl).

1057 1279 1357 1365 Singulos
1410 1280 1602 1364 igitur
1655 1281 1827 1345 viros
1882 1280 1951 1345 in
2006 1281 2128 1345 hoc
2182 1279 2324 1345 loco
2380 1280 2832 1363 perpurgando
2891 1287 3229 1363 occupatos

888 1381 1056 1446 dicto
1115 1401 1256 1448 esse
1311 1380 1602 1466 Orpheos
1660 1382 1870 1465 (quasi
1927 1382 2241 1448 occuleios
2298 1382 2561 1459 dixeris)
2631 1403 2763 1448 non
2827 1382 3060 1445 mirum
3116 1382 3230 1447 erit

885 1481 1435 1549 considerantibus
1488 1484 1851 1549 fabularum
1905 1504 2276 1566 graecarum
2329 1486 2459 1548 vim
2503 1484 3014 1568 procreatricem.
3102 1482 3229 1549 Sed

887 1585 996 1667 qui
1048 1583 1284 1651 fuerint
1337 1585 1702 1651 secundum
1741 1604 2015 1668 graecae
2069 1585 2375 1651 historiae
2428 1585 2639 1650 fontes
2696 1606 2826 1650 non
2883 1583 3228 1650 admodum

883 1687 1184 1771 limpidos
1226 1708 1356 1753 non
1400 1695 1611 1771 potest
1655 1687 1923 1769 definiri,
1970 1687 2508 1770 quemadmodum
2552 1704 2682 1751 non
2724 1706 3066 1771 possumus
3108 1688 3228 1770 pri·

885 1810 1024 1854 mos
1067 1797 1357 1855 auctores
1399 1791 1779 1854 latomorum
1822 1789 2184 1854 liberalium
2229 1790 2677 1868 (Freimaurer)
2738 1789 2828 1853 sic
2885 1788 3063 1872 apud
3114 1808 3227 1856 nos

886 1891 1122 1972 dictos,
1182 1897 1568 1972 monstrare,
1629 1892 2001 1973 quibuscum
2045 1891 2259 1974 aliquo
2304 1890 2493 1955 modo
2551 1890 2909 1974 comparari
2966 1899 3227 1974 possunt

884 1993 1174 2075 magistri
1217 1994 1440 2058 horum
1483 1994 1959 2077 mysteriorum3
2014 2000 2231 2058 tamen
2275 2013 2386 2058 eos
2430 1994 2537 2075 qui
2579 1993 2775 2075 vulgo
2818 1993 3225 2058 nominantur

887 2094 1199 2160 indicavit
1253 2094 1616 2160 Lobeckius
1669 2094 1988 2177 Aglaoph.
2044 2115 2108 2178 p.
2155 2098 2298 2159 355.
2317 2142 2334 2176 ,
2407 2100 2477 2158 ut
2530 2094 2691 2159 nihil
2746 2094 2876 2159 iam
2932 2115 3096 2178 opus
3148 2096 3224 2162 sit

888 2196 1100 2262 dicere
1158 2196 1449 2280 inprimis
1507 2195 1589 2261 de
1644 2196 1755 2275 iis,
1829 2195 1938 2277 qui
2010 2193 2364 2260 doctrinam
2424 2196 2754 2278 orphicam
2814 2198 3070 2280 poetice
3125 2215 3222 2263 ex·

886 2298 1159 2364 coluisse
1204 2297 1557 2378 traduntur,
1604 2304 1674 2361 ut
1703 2295 1999 2384 Cercops,
2045 2298 2353 2381 Zopyrus,
2389 2296 2754 2380 Brontinus,
2799 2318 2961 2382 prae
3003 2299 3220 2364 ceteris

884 2421 1036 2466 vero
1096 2397 1566 2479 Onomacritus,
1642 2398 1749 2480 qui
1806 2398 1920 2462 toti
1976 2398 2125 2462 huic
2181 2399 2626 2483 mysteriorum
2684 2399 2907 2482 generi
2966 2421 3220 2485 operam

887 2502 1065 2568 dedit
1120 2500 1310 2567 editis
1365 2500 1616 2583 scriptis
1671 2500 1978 2584 mysticis.
2077 2497 2497 2584 Orphicorum
2565 2501 2736 2566 enim
2795 2502 2917 2567 hoc
2978 2501 3221 2569 videtur

885 2603 1211 2689 proprium
1252 2601 1477 2684 fuisse,
1537 2607 1606 2666 ut
1659 2600 1953 2668 homines
2008 2623 2140 2669 non
2193 2602 2285 2667 ita
2325 2602 2681 2685 initiarent,
2739 2611 2808 2669 ut
2848 2603 3089 2670 factum
3133 2612 3221 2671 est

883 2707 951 2771 in
1006 2704 1280 2789 publicis
1338 2722 1502 2786 quae
1558 2702 1834 2769 diximus
1891 2704 2119 2785 initiis,
2177 2703 2293 2769 sed
2349 2706 2619 2772 lectores
2675 2726 3088 2790 quoscunque
3143 2706 3219 2772 ad

884 2828 1034 2874 suas
1062 2805 1414 2874 sententias
1444 2806 1709 2870 obscure
1737 2804 2007 2871 traditas
2049 2805 2306 2889 penitus
2347 2806 2828 2888 cognoscendas
2870 2808 3217 2891 allicerent,

884 2929 1092 2992 neque
1135 2907 1407 2974 cultibus
1449 2926 1658 2990 neque
1700 2907 2138 2973 sacerdotibus
2179 2906 2507 2974 adhibitis.
2594 2907 2773 2973 Haec
2827 2917 3044 2975 autem
3096 2931 3219 2976 car-

883 3012 1060 3077 mina
1100 3010 1324 3076 tetrica
1366 3009 1776 3093 Pythagorae
1815 3018 2107 3094 tempora
2148 3015 2361 3075 aetate
2402 3010 2800 3091 aliquantum
2844 3011 3219 3078 antecedere

882 3112 1198 3179 videntur.

1055 3214 1133 3278 In
1175 3212 1540 3279 universum
1583 3219 1798 3279 autem
1839 3212 2075 3295 triplex
2116 3213 2312 3279 fuisse
2340 3211 2593 3278 videtur
2618 3212 2844 3277 horum
2874 3215 3218 3280 carminum

885 3322 1346 3398 argumentum,
1391 3315 1684 3398 primum,
1730 3321 1801 3379 ut
1844 3315 2202 3398 exspectari
2243 3320 2509 3398 poterat,
2555 3335 2764 3380 novae
2796 3319 3218 3400 cosmoqonz’ae

886 3427 951 3479 et
1004 3416 1368 3498 tlceoqom‘ac
1423 3435 1536 3480 seu
1594 3415 1967 3497 theologiae,
2029 3415 2266 3482 deinde
2320 3415 2696 3499 placitorum
2742 3416 2824 3483 de
2864 3417 3216 3484 animarum

884 3519 1307 3583 humanarum
1361 3522 1507 3600 post
1559 3524 1827 3582 mortem
1873 3517 2269 3600 conditione,
2328 3517 2605 3599 denique
2647 3539 2957 3584 novorum
3000 3520 3216 3587 lustra·

884 3619 1077 3684 tionis
1118 3618 1369 3700 rituum,
1425 3618 1562 3683 sive
1604 3616 1882 3683 τελετῶν
1924 3626 1989 3684 et
2030 3619 2415 3699 καθαρμῶν,
2463 3619 2692 3701 quibus
2733 3619 2841 3702 qui
2884 3621 3041 3703 quid
3082 3641 3216 3705 pec·
3262 3610 3270 3620 ⁸

885 3725 1143 3785 caverat
1196 3719 1593 3785 reconciliari
1647 3739 1839 3802 posse
1892 3721 2238 3803 putabatur
2291 3740 2433 3783 cum
2477 3720 2601 3785 diis
2644 3740 2802 3803 quos
2845 3723 3212 3789 offenderat.

884 3822 965 3887 In
1006 3821 1286 3887 secundo
1329 3828 1544 3887 autem
1587 3822 1728 3886 loco
1773 3827 1949 3900 (nam
1992 3822 2079 3887 ad
2119 3823 2593 3905 cosmogoniam
2649 3822 2870 3906 paullo
2930 3831 3078 3908 post
3128 3843 3213 3890 re-

884 3924 1121 4000 vertar)
1166 3941 1320 4006 prae
1364 3921 1591 3989 ceteris
1637 3921 1928 3987 doctrina
1968 3923 2051 3989 de
2093 3924 2350 3991 animae
2392 3925 2712 3989 humanae
2748 3923 3214 3991 immortalitate

1018 4262 1057 4328 ¹)
1091 4260 1269 4312 Cicero
1302 4259 1367 4310 de
1400 4263 1505 4311 nat.
1542 4259 1590 4310 d.
1627 4262 1669 4322 1,
1706 4262 1790 4311 42.
1861 4260 2001 4316 Quae
2035 4260 2217 4311 Lemni
2262 4266 2511 4313 nocturno
2560 4263 2704 4312 aditu
2751 4263 2943 4315 occulta
2989 4265 3213 4316 coluntur.
3278 4329 3286 4336 Ι

1019 4345 1059 4412 ²)
1096 4345 1174 4398 of.
1210 4343 1448 4395 Weloker
1481 4344 1605 4395 Tril.
1642 4360 1695 4409 p.
1739 4346 1851 4395 192.
1890 4350 1941 4394 et
1977 4345 2220 4396 Gerhard.
2256 4347 2487 4411 Orpheus
2519 4362 2573 4413 p.
2609 4349 2689 4399 24.
