3499 5219
1298 441 1825 505 —33-.

552 713 688 788 VI.
791 712 897 786 Io.
957 709 1304 806 Stigelius
1358 712 1539 807 quid,
1578 710 1836 787 fecerit
1886 710 2113 785 turbis
2169 709 2561 787 Flacianis.

559 897 872 970 Graviora
914 918 1080 980 quae
1139 897 1274 964 dixi
1329 920 1410 965 ex
1470 899 1787 980 colloquio
1832 896 2262 962 Vormatiensi
2302 897 2381 962 A.
2425 898 2739 964 MDLVII

380 989 674 1087 profecta
730 1005 896 1066 sunt.
986 1000 1155 1064 Nam
1211 1021 1405 1084 quum
1459 1001 1582 1065 hoc
1626 1000 1977 1066 suasissent
2020 999 2341 1083 principes
2384 989 2739 1083 germanici

381 1110 459 1168 ut
498 1101 763 1167 tandem
806 1100 985 1166 fieret
1027 1102 1401 1183 concordia,
1471 1121 1636 1184 quae
1679 1101 1764 1166 ab
1809 1101 2103 1166 omnibus
2148 1101 2601 1185 expetebatur,
2671 1102 2740 1167 in

382 1204 733 1287 religione,
791 1204 1091 1287 apparuit
1139 1211 1443 1285 quantum
1486 1204 1654 1268 inter
1697 1223 1767 1268 se
1814 1202 2054 1268 diversi
2098 1209 2313 1268 essent
2354 1203 2480 1287 ipsi
2523 1204 2738 1268 Prote-

382 1306 692 1372 stantium
748 1305 1051 1388 theologi.
1138 1305 1701 1371 Melanchthonem
1755 1325 1826 1371 re
1867 1304 2104 1369 infecta
2149 1324 2230 1370 ex
2286 1324 2361 1370 eo
2419 1306 2735 1388 colloquio

386 1407 762 1473 redeuntem
808 1406 1298 1472 moestissimum
1344 1408 1648 1491 Stigelius
1691 1408 2058 1472 consolatus
2102 1412 2200 1471 est
2249 1407 2531 1473 carmine
2576 1426 2745 1495 *quo-

387 1509 575 1591 dam,
595 1511 637 1586 ¹)
693 1528 1058 1592 quanquam
1101 1509 1228 1592 ipsi
1271 1510 1560 1592 collegae
1603 1508 1857 1591 Stigelii
1871 1556 1887 1589 ,
1948 1507 2325 1592 Schnepfius
2340 1557 2355 1586 ,
2403 1509 2740 1593 Strigelius

387 1618 457 1677 et
499 1611 780 1676 Basilius
816 1611 1181 1692 Monnerus,
1228 1610 1336 1693 qui
1365 1610 1762 1675 Vormatiam
1802 1631 1842 1674 a
1873 1610 2157 1675 Ducibus
2187 1609 2521 1677 Saxonicis
2565 1611 2744 1677 missi

388 1719 595 1795 erant,
642 1712 710 1778 in
753 1712 1071 1794 colloquio
1118 1711 1548 1778 Vormatiensi
1591 1717 1941 1795 praeeunte
1985 1712 2258 1776 Morlino
2302 1713 2742 1778 Melanchtho-

390 1835 542 1880 nem
586 1815 841 1880 incaute
885 1821 1415 1896 attrectaverant,
1467 1814 1642 1878 cuius
1686 1813 1838 1877 facti
1881 1833 2113 1895 graves
2157 1820 2303 1897 post
2346 1835 2591 1897 poenas
2635 1814 2742 1880 de·

394 1917 644 1982 derunt.
731 1917 950 1999 Ipsum
995 1917 1411 1998 colloquium,
1483 1915 1848 1997 theologiae
1903 1915 2309 1997 germanicae
2365 1916 2744 1982 infaustissi-

388 2040 585 2100 mum,
631 2018 943 2083 Iohannis
986 2017 1296 2082 Friderici
1338 2018 1423 2082 II.
1469 2017 1666 2082 Ducis
1710 2017 2036 2082 Saxoniae
2080 2018 2382 2099 animum,
2430 2038 2471 2082 a
2512 2018 2743 2083 libera-

388 2120 553 2184 liore
597 2119 924 2202 theologia
967 2120 1253 2201 alioquin
1295 2119 1472 2184 haud
1514 2119 1831 2200 alienum,
1906 2118 1997 2182 ita
2053 2120 2250 2202 plane
2304 2119 2599 2203 invertit,
2679 2125 2748 2184 ut

390 2241 598 2302 nunc,
656 2221 869 2287 missis
914 2222 1169 2303 ceteris,
1231 2221 1424 2286 etiam
1467 2220 1994 2301 Melanchthone,
2052 2221 2238 2287 unice
2280 2222 2627 2299 Lutherum
2680 2221 2749 2285 in

394 2329 721 2407 posterum
793 2324 1189 2405 sequendum
1262 2342 1404 2389 esse
1477 2322 1816 2387 dictitaret.
1914 2321 2116 2405 Igitur
2184 2323 2408 2387 Ienam
2481 2328 2752 2387 vocatur

396 2423 702 2489 Matthias
756 2424 1008 2488 Flac-ius
1066 2425 1377 2505 (Vlacich)
1438 2424 1734 2509 Illyricus
1751 2473 1767 2506 ,
1842 2424 2352 2489 Melanchthonis
2408 2425 2491 2489 ab
2564 2423 2747 2488 initio

394 2528 750 2612 discipulus
805 2534 1031 2611 postea
1087 2526 1494 2593 adversarius
1549 2527 1911 2591 acerrimus.
2002 2524 2124 2603 Qui
2182 2525 2281 2589 vir
2339 2525 2621 2602 doctus²)
2686 2530 2750 2590 et

394 2629 958 2712 diligentissimus,
1035 2650 1221 2712 quem
1287 2635 1620 2712 parentem
1683 2627 1990 2693 historiae
2050 2627 2521 2693 ecclesiasticae
2576 2634 2748 2693 recte

396 2732 652 2814 dicunt,
712 2731 830 2797 sed
872 2732 1221 2797 turbulenti
1266 2738 1329 2796 et
1374 2730 1764 2795 contumacis
1806 2729 2081 2811 ingenii,
2141 2730 2354 2794 statim
2398 2729 2466 2793 in
2510 2728 2752 2794 theolo-

394 2853 518 2917 gos
563 2834 889 2914 IenenseS,
936 2840 1005 2897 ut
1033 2832 1695 2913 Melanchthonianos,
1742 2832 2156 2897 vehementer
2198 2840 2541 2914 grassatur,
2590 2831 2752 2896 eius·

399 2955 527 3018 que
581 2934 820 3024 auxilio
834 2934 878 3010 ³)
936 2933 1258 3001 confectus
1318 2941 1414 3000 est
1480 2934 1761 2998 famosus
1825 2935 1938 2998 ille
2005 2932 2162 2995 liber
2224 2931 2747 3017 Constantianam,

399 3056 527 3119 quo
585 3034 888 3101 Saxonici
943 3035 1266 3121 principes
1321 3038 1398 3102 A.
1451 3035 1764 3116 MDLIX,
1841 3055 2032 3117 quum
2088 3034 2294 3100 fasces
2349 3034 2751 3101 academicos

398 3142 650 3203 teneret
708 3136 1011 3219 Stigelius
1026 3186 1042 3219 ,
1116 3139 1185 3203 in
1259 3138 1546 3202 ordinem
1621 3156 1850 3219 cogere
1921 3135 2298 3201 studuerunt
2353 3158 2483 3201 non
2545 3137 2752 3201 solum

542 3376 576 3438 Ι)
612 3374 670 3426 Τ.
706 3375 748 3424 1.
785 3373 821 3424 f.
858 3376 973 3426 258.
1114 3377 1151 3438 ²)
1189 3374 1438 3426 Camerar.
1488 3376 1564 3424 vit
1599 3374 1875 3425 Melancht.
1924 3390 1968 3425 c.
2007 3375 2102 3425 83:
2160 3374 2256 3433 „In
2305 3372 2481 3423 Flacio
2530 3372 2755 3437 perfecta

402 3460 636 3525 cognitio
670 3459 878 3524 linguae
913 3459 1234 3524 germanicae
1271 3441 1532 3525 nunquam
1567 3459 1666 3508 fuit
1702 3460 1775 3509 sic
1810 3458 2050 3524 loquendi
2081 3457 2434 3521 scribendique
2459 3457 2752 3508 facultatem

408 3552 468 3595 ut
483 3544 900 3608 adipisceretur.“
947 3545 1126 3594 Nihilo
1160 3546 1328 3595 minus
1366 3551 1528 3595 tamen
1568 3544 1829 3595 fatendum
1865 3544 1963 3593 erit
1991 3544 2221 3593 Flacium
2255 3557 2491 3607 magnam
2524 3541 2756 3606 posuisse

405 3646 613 3696 operam
659 3630 711 3680 in
758 3628 1062 3679 addiscenda
1107 3630 1288 3695 lingna
1333 3629 1621 3695 germanica
1670 3631 2021 3692 neminemque
2072 3633 2178 3678 tum
2227 3627 2382 3677 fuisse
2417 3627 2633 3676 alterum
2668 3625 2758 3691 qni

410 3714 690 3780 primordia
722 3714 930 3779 linguae
963 3714 1280 3780 germanicae
1316 3715 1596 3765 sollertiore
1637 3714 1845 3779 ingenio
1895 3716 2147 3763 tractaret.
2266 3726 2382 3761 uam
2429 3709 2557 3762 bene
2605 3712 2761 3761 sciret

406 3800 700 3866 germanice
735 3799 984 3863 praefatio
1022 3799 1361 3862 demonstrat,
1417 3815 1566 3863 quam
1600 3798 1866 3863 praemisit
1908 3797 2124 3847 editioni
2158 3797 2225 3846 Ot
2245 3796 2559 3846 ridianorum
2606 3811 2759 3846 evan-

408 3885 659 3951 geliorum
707 3885 1097 3946 theotiscorum,
1153 3900 1280 3949 quae
1327 3883 1519 3949 prodiit
1565 3883 1767 3933 Basilea
1819 3885 1964 3935 1571.
2104 3881 2141 3946 ³)
2177 3882 2435 3932 Johannes
2469 3880 2762 3931 Fridericus

414 3972 648 4020 Ienensee
685 3969 942 4033 theologos
990 3969 1206 4019 iusserat
1252 3969 1382 4019 hanc
1431 3968 1697 4018 formulam
1733 3966 2152 4017 confutationum
2198 3963 2543 4026 conscriber03
2598 3964 2764 4029 igitur

408 4055 634 4120 primum
669 4053 955 4118 StrigeliuS,
995 4053 1291 4119 Schnepflus
1326 4057 1378 4103 et
1413 4052 1709 4116 Huegelius,
1747 4053 1856 4101 sine
1887 4051 2080 4114 Flacio,
2115 4050 2383 4100 formulam
2400 4048 2760 4100 adumbravere

409 4140 478 4190 ad
512 4139 1046 4189 Melanchthonianam
1082 4138 1374 4203 plerumque
1409 4137 1726 4187 sententiam.
1797 4136 2002 4187 Flacius
2037 4140 2213 4188 contra
2248 4151 2363 4186 cum
2398 4135 2503 4184 suis
2551 4132 2762 4184 asseclis

410 4224 567 4274 aliam
602 4224 930 4288 conscripsit,
981 4239 1130 4288 quam
1166 4223 1402 4288 deinceps
1439 4220 1740 4287 approbavit
1774 4221 2027 4272 Iohannes
2060 4220 2378 4281 Fridericus,
2425 4218 2761 4270 Ambsdorffio

415 4309 671 4360 suadente.
745 4309 830 4358 Sic
866 4308 1149 4373 explicatur
1184 4309 1236 4357 id
1273 4309 1410 4373 quod
1446 4306 1714 4357 obscurum
1749 4305 1941 4356 dicitur
1974 4323 2006 4356 a
2037 4306 2307 4359 Planckio:
2345 4301 2646 4354 Geschichte
2673 4302 2762 4352 des

411 4394 875 4461 protestantischen
909 4392 1269 4458 Lehrbegriffs.
1309 4394 1395 4444 IV.
1432 4408 1481 4459 p.
1521 4394 1620 4444 592
1657 4405 1729 4454 sq.
1770 4391 1846 4441 ed.
1883 4391 1953 4443 11.

520 4488 817 4535 Goumara,
844 4485 1059 4538 opuscula.
2326 4475 2356 4526 3
