<?xml version="1.0" encoding="UTF-8"?>
<!DOCTYPE html PUBLIC "-//W3C//DTD XHTML 1.0 Transitional//EN"
    "http://www.w3.org/TR/xhtml1/DTD/xhtml1-transitional.dtd">
<html xmlns="http://www.w3.org/1999/xhtml" xml:lang="en" lang="en">
 <head>
  <title>
</title>
<meta http-equiv="Content-Type" content="text/html;charset=utf-8" />
  <meta name='ocr-system' content='tesseract 3.04.00' />
  <meta name='ocr-capabilities' content='ocr_page ocr_carea ocr_par ocr_line ocrx_word'/>
</head>
<body>
  <div class='ocr_page' id='page_1' title='image "./opusculaacademi00goetgoog_0128.png"; bbox 0 0 3499 5219; ppageno 0'>
   <div class='ocr_carea' id='block_1_1' title="bbox 10 1941 32 3599">
    <p class='ocr_par' dir='ltr' id='par_1_1' title="bbox 10 1941 32 3599">
     <span class='ocr_line' id='line_1_1' title="bbox 10 1941 32 3599; textangle 90"><span class='ocrx_word' id='word_1_1' title='bbox 10 3247 30 3599; x_wconf 44' lang='lat' dir='ltr'>‘Qfflssfi-i-t-n.</span> <span class='ocrx_word' id='word_1_2' title='bbox 10 2963 31 3230; x_wconf 58' lang='lat' dir='ltr'>ffl-in</span> <span class='ocrx_word' id='word_1_3' title='bbox 12 2925 30 2939; x_wconf 64' lang='lat'>‘-</span> <span class='ocrx_word' id='word_1_4' title='bbox 10 1941 32 2916; x_wconf 48' lang='lat' dir='ltr'>*Qfflfflsssnm-ffl——w-m</span> 
     </span>
    </p>
   </div>
   <div class='ocr_carea' id='block_1_2' title="bbox 10 3603 32 4418">
    <p class='ocr_par' dir='ltr' id='par_1_2' title="bbox 10 3603 32 4418">
     <span class='ocr_line' id='line_1_2' title="bbox 10 3603 32 4418; textangle 90"><span class='ocrx_word' id='word_1_5' title='bbox 10 4376 31 4418; x_wconf 50' lang='lat'>-3⁷</span> <span class='ocrx_word' id='word_1_6' title='bbox 10 4231 32 4365; x_wconf 50' lang='lat'>⁴⁴..·.‘}·-:</span> <span class='ocrx_word' id='word_1_7' title='bbox 12 4156 32 4222; x_wconf 71' lang='lat'>...&#39;..·-</span> <span class='ocrx_word' id='word_1_8' title='bbox 10 4114 30 4148; x_wconf 60' lang='grc' dir='ltr'>ι’*</span> <span class='ocrx_word' id='word_1_9' title='bbox 10 3959 32 4101; x_wconf 49' lang='grc' dir='ltr'>Ηέἱῆῧῖ</span> <span class='ocrx_word' id='word_1_10' title='bbox 10 3848 30 3942; x_wconf 68' lang='grc' dir='ltr'><strong>.1ἱι““</strong></span> <span class='ocrx_word' id='word_1_11' title='bbox 21 3819 30 3830; x_wconf 73' lang='grc' dir='ltr'>ι</span> <span class='ocrx_word' id='word_1_12' title='bbox 10 3734 30 3807; x_wconf 55' lang='lat' dir='ltr'>&#39;‘-T-Q.</span> <span class='ocrx_word' id='word_1_13' title='bbox 10 3603 31 3716; x_wconf 62' lang='grc' dir='ltr'>-ὲὶ-ἐῖἱ</span> 
     </span>
    </p>
   </div>
   <div class='ocr_carea' id='block_1_3' title="bbox 1695 407 2260 473">
    <p class='ocr_par' dir='ltr' id='par_1_3' title="bbox 1695 407 2260 473">
     <span class='ocr_line' id='line_1_3' title="bbox 1695 407 2260 473; baseline 0.007 -3"><span class='ocrx_word' id='word_1_14' title='bbox 1695 407 2260 473; x_wconf 77' lang='grc'>-112--</span> 
     </span>
    </p>
   </div>
   <div class='ocr_carea' id='block_1_4' title="bbox 803 571 3158 3102">
    <p class='ocr_par' dir='ltr' id='par_1_4' title="bbox 803 571 3158 3102">
     <span class='ocr_line' id='line_1_4' title="bbox 803 571 3147 656; baseline -0 -18"><span class='ocrx_word' id='word_1_15' title='bbox 803 573 1057 641; x_wconf 86' lang='lat' dir='ltr'>Deinde</span> <span class='ocrx_word' id='word_1_16' title='bbox 1111 573 1235 649; x_wconf 73' lang='lat' dir='ltr'>hec</span> <span class='ocrx_word' id='word_1_17' title='bbox 1273 580 1568 641; x_wconf 84' lang='lat' dir='ltr'>assecuta</span> <span class='ocrx_word' id='word_1_18' title='bbox 1611 579 1708 639; x_wconf 89' lang='lat' dir='ltr'>est</span> <span class='ocrx_word' id='word_1_19' title='bbox 1747 571 2114 656; x_wconf 77' lang='lat' dir='ltr'>respublica</span> <span class='ocrx_word' id='word_1_20' title='bbox 2155 577 2407 654; x_wconf 82' lang='lat' dir='ltr'>nostra,</span> <span class='ocrx_word' id='word_1_21' title='bbox 2467 578 2555 643; x_wconf 78' lang='lat' dir='ltr'>ut·</span> <span class='ocrx_word' id='word_1_22' title='bbox 2588 572 2920 656; x_wconf 85' lang='lat' dir='ltr'>auspicato</span> <span class='ocrx_word' id='word_1_23' title='bbox 2976 588 3147 637; x_wconf 83' lang='lat' dir='ltr'>nunc</span> 
     </span>
     <span class='ocr_line' id='line_1_5' title="bbox 805 674 3146 769; baseline 0.002 -29"><span class='ocrx_word' id='word_1_24' title='bbox 805 676 1023 741; x_wconf 84' lang='lat' dir='ltr'>omnia</span> <span class='ocrx_word' id='word_1_25' title='bbox 1075 674 1233 740; x_wconf 87' lang='lat' dir='ltr'>fiant</span> <span class='ocrx_word' id='word_1_26' title='bbox 1283 695 1451 758; x_wconf 84' lang='lat' dir='ltr'>quae</span> <span class='ocrx_word' id='word_1_27' title='bbox 1505 675 1589 740; x_wconf 90' lang='lat' dir='ltr'>ab</span> <span class='ocrx_word' id='word_1_28' title='bbox 1641 694 1720 741; x_wconf 88' lang='lat' dir='ltr'>ea</span> <span class='ocrx_word' id='word_1_29' title='bbox 1763 681 2168 759; x_wconf 72' lang='lat' dir='ltr'>peraguntur.</span> <span class='ocrx_word' id='word_1_30' title='bbox 2257 674 2424 740; x_wconf 88' lang='lat' dir='ltr'>Nam</span> <span class='ocrx_word' id='word_1_31' title='bbox 2470 674 2783 769; x_wconf 72' lang='lat' dir='ltr'>violenter</span> <span class='ocrx_word' id='word_1_32' title='bbox 2827 674 3146 743; x_wconf 75' lang='lat' dir='ltr'>destructo</span> 
     </span>
     <span class='ocr_line' id='line_1_6' title="bbox 805 776 3147 860; baseline 0 -16"><span class='ocrx_word' id='word_1_33' title='bbox 805 799 848 844; x_wconf 87' lang='lat' dir='ltr'>a</span> <span class='ocrx_word' id='word_1_34' title='bbox 893 778 1098 844; x_wconf 88' lang='lat' dir='ltr'>Gallis</span> <span class='ocrx_word' id='word_1_35' title='bbox 1139 778 1407 860; x_wconf 88' lang='lat' dir='ltr'>imperio</span> <span class='ocrx_word' id='word_1_36' title='bbox 1451 779 1742 845; x_wconf 83' lang='lat' dir='ltr'>Romano</span> <span class='ocrx_word' id='word_1_37' title='bbox 1779 776 2182 858; x_wconf 79' lang='lat' dir='ltr'>Germanico,</span> <span class='ocrx_word' id='word_1_38' title='bbox 2226 795 2364 858; x_wconf 89' lang='lat' dir='ltr'>quo-</span> <span class='ocrx_word' id='word_1_39' title='bbox 2394 782 2650 849; x_wconf 83' lang='lat' dir='ltr'>auctore</span> <span class='ocrx_word' id='word_1_40' title='bbox 2692 783 2911 845; x_wconf 84' lang='lat' dir='ltr'>nostra</span> <span class='ocrx_word' id='word_1_41' title='bbox 2950 778 3147 845; x_wconf 86' lang='lat' dir='ltr'>etiam</span> 
     </span>
     <span class='ocr_line' id='line_1_7' title="bbox 806 877 3145 963; baseline -0.002 -16"><span class='ocrx_word' id='word_1_42' title='bbox 806 880 1144 947; x_wconf 76' lang='lat' dir='ltr'>academia</span> <span class='ocrx_word' id='word_1_43' title='bbox 1183 880 1334 943; x_wconf 90' lang='lat' dir='ltr'>olim</span> <span class='ocrx_word' id='word_1_44' title='bbox 1379 879 1639 947; x_wconf 88' lang='lat' dir='ltr'>condita</span> <span class='ocrx_word' id='word_1_45' title='bbox 1681 886 1779 947; x_wconf 85' lang='lat' dir='ltr'>est</span> <span class='ocrx_word' id='word_1_46' title='bbox 1819 898 1935 962; x_wconf 81' lang='lat' dir='ltr'>per</span> <span class='ocrx_word' id='word_1_47' title='bbox 1964 878 2317 943; x_wconf 78' lang='lat' dir='ltr'>Iohannem</span> <span class='ocrx_word' id='word_1_48' title='bbox 2346 877 2738 947; x_wconf 85' lang='lat' dir='ltr'>Fridericum</span> <span class='ocrx_word' id='word_1_49' title='bbox 2781 887 3145 963; x_wconf 82' lang='lat' dir='ltr'>martyrem,</span> 
     </span>
     <span class='ocr_line' id='line_1_8' title="bbox 807 980 3147 1063; baseline 0.001 -16"><span class='ocrx_word' id='word_1_50' title='bbox 807 983 1010 1051; x_wconf 84' lang='lat' dir='ltr'>fracta</span> <span class='ocrx_word' id='word_1_51' title='bbox 1085 1001 1227 1048; x_wconf 89' lang='lat' dir='ltr'>esse</span> <span class='ocrx_word' id='word_1_52' title='bbox 1299 981 1637 1048; x_wconf 71' lang='lat' dir='ltr'>videbatur</span> <span class='ocrx_word' id='word_1_53' title='bbox 1690 987 1755 1049; x_wconf 84' lang='lat' dir='ltr'>et</span> <span class='ocrx_word' id='word_1_54' title='bbox 1805 980 1939 1049; x_wconf 86' lang='lat' dir='ltr'>fere</span> <span class='ocrx_word' id='word_1_55' title='bbox 1993 987 2243 1047; x_wconf 84' lang='lat' dir='ltr'>mortua</span> <span class='ocrx_word' id='word_1_56' title='bbox 2291 981 2558 1063; x_wconf 80' lang='lat' dir='ltr'>antiqua</span> <span class='ocrx_word' id='word_1_57' title='bbox 2616 981 2732 1045; x_wconf 90' lang='lat' dir='ltr'>illa</span> <span class='ocrx_word' id='word_1_58' title='bbox 2776 981 3147 1049; x_wconf 82' lang='lat' dir='ltr'>auctoritas.</span> 
     </span>
     <span class='ocr_line' id='line_1_9' title="bbox 809 1081 3148 1166; baseline 0 -17"><span class='ocrx_word' id='word_1_59' title='bbox 809 1085 1146 1149; x_wconf 85' lang='lat' dir='ltr'>Renovata</span> <span class='ocrx_word' id='word_1_60' title='bbox 1218 1090 1315 1160; x_wconf 79' lang='lat' dir='ltr'>est</span> <span class='ocrx_word' id='word_1_61' title='bbox 1385 1083 1576 1166; x_wconf 85' lang='lat' dir='ltr'>igitur</span> <span class='ocrx_word' id='word_1_62' title='bbox 1645 1088 1838 1165; x_wconf 80' lang='lat' dir='ltr'>atque</span> <span class='ocrx_word' id='word_1_63' title='bbox 1902 1083 2256 1149; x_wconf 86' lang='lat' dir='ltr'>instaurata</span> <span class='ocrx_word' id='word_1_64' title='bbox 2312 1083 2432 1149; x_wconf 87' lang='lat' dir='ltr'>rite</span> <span class='ocrx_word' id='word_1_65' title='bbox 2487 1081 2765 1149; x_wconf 87' lang='lat' dir='ltr'>creando</span> <span class='ocrx_word' id='word_1_66' title='bbox 2821 1083 3148 1148; x_wconf 80' lang='lat' dir='ltr'>Saxonum</span> 
     </span>
     <span class='ocr_line' id='line_1_10' title="bbox 810 1183 3151 1271; baseline -0 -20"><span class='ocrx_word' id='word_1_67' title='bbox 810 1185 1118 1271; x_wconf 78' lang='lat' dir='ltr'>principe,</span> <span class='ocrx_word' id='word_1_68' title='bbox 1164 1185 1557 1253; x_wconf 78' lang='lat' dir='ltr'>auctoritatis</span> <span class='ocrx_word' id='word_1_69' title='bbox 1588 1184 1944 1251; x_wconf 76' lang='lat' dir='ltr'>Caesareae</span> <span class='ocrx_word' id='word_1_70' title='bbox 1986 1184 2167 1267; x_wconf 83' lang='lat' dir='ltr'>quasi</span> <span class='ocrx_word' id='word_1_71' title='bbox 2209 1183 2493 1267; x_wconf 90' lang='lat' dir='ltr'>legitimo</span> <span class='ocrx_word' id='word_1_72' title='bbox 2534 1184 2790 1251; x_wconf 81' lang='lat' dir='ltr'>herede.</span> <span class='ocrx_word' id='word_1_73' title='bbox 2864 1185 3151 1251; x_wconf 83' lang='lat' dir='ltr'>Tertium</span> 
     </span>
     <span class='ocr_line' id='line_1_11' title="bbox 809 1285 3151 1369; baseline 0.001 -17"><span class='ocrx_word' id='word_1_74' title='bbox 809 1294 877 1353; x_wconf 90' lang='lat' dir='ltr'>et</span> <span class='ocrx_word' id='word_1_75' title='bbox 918 1287 1000 1352; x_wconf 67' lang='lat' dir='ltr'>ia</span> <span class='ocrx_word' id='word_1_76' title='bbox 1030 1286 1284 1369; x_wconf 88' lang='lat' dir='ltr'>quidem</span> <span class='ocrx_word' id='word_1_77' title='bbox 1328 1287 1520 1369; x_wconf 90' lang='lat' dir='ltr'>longe</span> <span class='ocrx_word' id='word_1_78' title='bbox 1562 1286 1912 1351; x_wconf 85' lang='lat' dir='ltr'>maximum</span> <span class='ocrx_word' id='word_1_79' title='bbox 1955 1287 2449 1353; x_wconf 88' lang='lat' dir='ltr'>emolumentum</span> <span class='ocrx_word' id='word_1_80' title='bbox 2493 1285 2664 1367; x_wconf 87' lang='lat' dir='ltr'>quod</span> <span class='ocrx_word' id='word_1_81' title='bbox 2706 1286 2859 1353; x_wconf 87' lang='lat' dir='ltr'>inde</span> <span class='ocrx_word' id='word_1_82' title='bbox 2904 1287 2988 1352; x_wconf 89' lang='lat' dir='ltr'>ad</span> <span class='ocrx_word' id='word_1_83' title='bbox 3030 1308 3151 1357; x_wconf 85' lang='lat' dir='ltr'>nos</span> 
     </span>
     <span class='ocr_line' id='line_1_12' title="bbox 809 1387 3150 1474; baseline 0.001 -21"><span class='ocrx_word' id='word_1_84' title='bbox 809 1388 1197 1455; x_wconf 82' lang='lat' dir='ltr'>redundavit</span> <span class='ocrx_word' id='word_1_85' title='bbox 1253 1389 1320 1452; x_wconf 89' lang='lat' dir='ltr'>in</span> <span class='ocrx_word' id='word_1_86' title='bbox 1377 1408 1454 1454; x_wconf 90' lang='lat' dir='ltr'>eo</span> <span class='ocrx_word' id='word_1_87' title='bbox 1513 1389 1834 1469; x_wconf 81' lang='lat' dir='ltr'>consistit,</span> <span class='ocrx_word' id='word_1_88' title='bbox 1908 1387 2079 1470; x_wconf 90' lang='lat' dir='ltr'>quod</span> <span class='ocrx_word' id='word_1_89' title='bbox 2120 1394 2337 1453; x_wconf 62' lang='lat' dir='ltr'>&#39;aucta</span> <span class='ocrx_word' id='word_1_90' title='bbox 2408 1394 2504 1453; x_wconf 90' lang='lat' dir='ltr'>est</span> <span class='ocrx_word' id='word_1_91' title='bbox 2574 1407 2727 1455; x_wconf 88' lang='lat' dir='ltr'>cura</span> <span class='ocrx_word' id='word_1_92' title='bbox 2792 1390 3150 1474; x_wconf 83' lang='lat' dir='ltr'>principum</span> 
     </span>
     <span class='ocr_line' id='line_1_13' title="bbox 811 1489 3153 1573; baseline 0 -16"><span class='ocrx_word' id='word_1_93' title='bbox 811 1490 1281 1572; x_wconf 87' lang='lat' dir='ltr'>Ernestiorum,</span> <span class='ocrx_word' id='word_1_94' title='bbox 1341 1489 1490 1573; x_wconf 90' lang='lat' dir='ltr'>quia</span> <span class='ocrx_word' id='word_1_95' title='bbox 1529 1510 1700 1555; x_wconf 91' lang='lat' dir='ltr'>nunc</span> <span class='ocrx_word' id='word_1_96' title='bbox 1743 1489 1999 1572; x_wconf 89' lang='lat' dir='ltr'>quidem</span> <span class='ocrx_word' id='word_1_97' title='bbox 2042 1508 2296 1572; x_wconf 88' lang='lat' dir='ltr'>semper</span> <span class='ocrx_word' id='word_1_98' title='bbox 2338 1508 2415 1555; x_wconf 90' lang='lat' dir='ltr'>eo</span> <span class='ocrx_word' id='word_1_99' title='bbox 2458 1490 2727 1555; x_wconf 86' lang='lat' dir='ltr'>Rectore</span> <span class='ocrx_word' id='word_1_100' title='bbox 2766 1490 3001 1559; x_wconf 79' lang='lat' dir='ltr'>utimur</span> <span class='ocrx_word' id='word_1_101' title='bbox 3043 1491 3153 1571; x_wconf 87' lang='lat' dir='ltr'>(sit</span> 
     </span>
     <span class='ocr_line' id='line_1_14' title="bbox 810 1590 3152 1674; baseline 0 -17"><span class='ocrx_word' id='word_1_102' title='bbox 810 1591 926 1659; x_wconf 89' lang='lat' dir='ltr'>ille</span> <span class='ocrx_word' id='word_1_103' title='bbox 967 1591 1416 1673; x_wconf 84' lang='lat' dir='ltr'>Vimariensis,</span> <span class='ocrx_word' id='word_1_104' title='bbox 1475 1591 1558 1659; x_wconf 89' lang='lat' dir='ltr'>sit</span> <span class='ocrx_word' id='word_1_105' title='bbox 1601 1592 2092 1674; x_wconf 87' lang='lat' dir='ltr'>Meiningensis,</span> <span class='ocrx_word' id='word_1_106' title='bbox 2149 1591 2230 1656; x_wconf 90' lang='lat' dir='ltr'>sit</span> <span class='ocrx_word' id='word_1_107' title='bbox 2273 1590 2635 1674; x_wconf 85' lang='lat' dir='ltr'>Gothanus,</span> <span class='ocrx_word' id='word_1_108' title='bbox 2686 1591 2769 1656; x_wconf 92' lang='lat' dir='ltr'>sit</span> <span class='ocrx_word' id='word_1_109' title='bbox 2811 1593 3152 1659; x_wconf 86' lang='lat' dir='ltr'>Altenbur·</span> 
     </span>
     <span class='ocr_line' id='line_1_15' title="bbox 809 1692 3153 1777; baseline 0.001 -20"><span class='ocrx_word' id='word_1_110' title='bbox 809 1693 1083 1776; x_wconf 86' lang='lat' dir='ltr'>gensis),</span> <span class='ocrx_word' id='word_1_111' title='bbox 1145 1693 1247 1761; x_wconf 89' lang='lat' dir='ltr'>cui</span> <span class='ocrx_word' id='word_1_112' title='bbox 1303 1713 1406 1760; x_wconf 86' lang='lat' dir='ltr'>res</span> <span class='ocrx_word' id='word_1_113' title='bbox 1460 1699 1718 1759; x_wconf 83' lang='lat' dir='ltr'>nostrae</span> <span class='ocrx_word' id='word_1_114' title='bbox 1773 1712 1927 1759; x_wconf 89' lang='lat' dir='ltr'>vere</span> <span class='ocrx_word' id='word_1_115' title='bbox 1980 1711 2169 1759; x_wconf 90' lang='lat' dir='ltr'>curae</span> <span class='ocrx_word' id='word_1_116' title='bbox 2223 1692 2523 1775; x_wconf 83' lang='lat' dir='ltr'>cordique</span> <span class='ocrx_word' id='word_1_117' title='bbox 2580 1713 2723 1759; x_wconf 89' lang='lat' dir='ltr'>esse</span> <span class='ocrx_word' id='word_1_118' title='bbox 2765 1702 3032 1777; x_wconf 86' lang='lat' dir='ltr'>possunt</span> <span class='ocrx_word' id='word_1_119' title='bbox 3073 1714 3153 1761; x_wconf 89' lang='lat' dir='ltr'>ac</span> 
     </span>
     <span class='ocr_line' id='line_1_16' title="bbox 812 1794 3155 1880; baseline 0 -17"><span class='ocrx_word' id='word_1_120' title='bbox 812 1794 1084 1877; x_wconf 84' lang='lat' dir='ltr'>debent,</span> <span class='ocrx_word' id='word_1_121' title='bbox 1129 1802 1261 1860; x_wconf 84' lang='lat' dir='ltr'>tam</span> <span class='ocrx_word' id='word_1_122' title='bbox 1304 1803 1564 1879; x_wconf 84' lang='lat' dir='ltr'>propter</span> <span class='ocrx_word' id='word_1_123' title='bbox 1604 1794 1998 1861; x_wconf 87' lang='lat' dir='ltr'>vicinitatem</span> <span class='ocrx_word' id='word_1_124' title='bbox 2042 1794 2213 1860; x_wconf 88' lang='lat' dir='ltr'>sedis</span> <span class='ocrx_word' id='word_1_125' title='bbox 2257 1794 2613 1878; x_wconf 83' lang='lat' dir='ltr'>principum</span> <span class='ocrx_word' id='word_1_126' title='bbox 2658 1815 2847 1878; x_wconf 89' lang='lat' dir='ltr'>quam</span> <span class='ocrx_word' id='word_1_127' title='bbox 2892 1803 3155 1880; x_wconf 76' lang='lat' dir='ltr'>propter</span> 
     </span>
     <span class='ocr_line' id='line_1_17' title="bbox 811 1888 3153 1980; baseline 0.002 -19"><span class='ocrx_word' id='word_1_128' title='bbox 811 1888 1104 1961; x_wconf 80' lang='lat' dir='ltr'>innatum</span> <span class='ocrx_word' id='word_1_129' title='bbox 1158 1917 1471 1979; x_wconf 89' lang='lat' dir='ltr'>amorem,</span> <span class='ocrx_word' id='word_1_130' title='bbox 1527 1917 1655 1980; x_wconf 88' lang='lat' dir='ltr'>quo</span> <span class='ocrx_word' id='word_1_131' title='bbox 1712 1897 2070 1963; x_wconf 86' lang='lat' dir='ltr'>tetrarchae</span> <span class='ocrx_word' id='word_1_132' title='bbox 2124 1896 2446 1961; x_wconf 87' lang='lat' dir='ltr'>Ernestini</span> <span class='ocrx_word' id='word_1_133' title='bbox 2503 1916 2723 1963; x_wconf 86' lang='lat' dir='ltr'>omnes</span> <span class='ocrx_word' id='word_1_134' title='bbox 2778 1918 2956 1963; x_wconf 88' lang='lat' dir='ltr'>suam</span> <span class='ocrx_word' id='word_1_135' title='bbox 3015 1899 3153 1967; x_wconf 82' lang='lat' dir='ltr'>uni·</span> 
     </span>
     <span class='ocr_line' id='line_1_18' title="bbox 812 1998 3158 2085; baseline 0.001 -22"><span class='ocrx_word' id='word_1_136' title='bbox 812 2001 1178 2065; x_wconf 86' lang='lat' dir='ltr'>versitatem</span> <span class='ocrx_word' id='word_1_137' title='bbox 1219 2000 1571 2066; x_wconf 84' lang='lat' dir='ltr'>liberaliter</span> <span class='ocrx_word' id='word_1_138' title='bbox 1609 2000 2097 2082; x_wconf 83' lang='lat' dir='ltr'>amplectuntur,</span> <span class='ocrx_word' id='word_1_139' title='bbox 2145 2018 2335 2079; x_wconf 88' lang='lat' dir='ltr'>quum</span> <span class='ocrx_word' id='word_1_140' title='bbox 2368 1998 2746 2065; x_wconf 82' lang='lat' dir='ltr'>Germanico</span> <span class='ocrx_word' id='word_1_141' title='bbox 2775 2000 3158 2085; x_wconf 84' lang='lat' dir='ltr'>Imperatori</span> 
     </span>
     <span class='ocr_line' id='line_1_19' title="bbox 811 2099 3153 2187; baseline 0.002 -23"><span class='ocrx_word' id='word_1_142' title='bbox 811 2101 1243 2169; x_wconf 87' lang='lat' dir='ltr'>immunitates</span> <span class='ocrx_word' id='word_1_143' title='bbox 1300 2108 1556 2167; x_wconf 88' lang='lat' dir='ltr'>nostrae</span> <span class='ocrx_word' id='word_1_144' title='bbox 1601 2120 1813 2183; x_wconf 85' lang='lat' dir='ltr'>paene</span> <span class='ocrx_word' id='word_1_145' title='bbox 1866 2099 2065 2164; x_wconf 82' lang='lat' dir='ltr'>invito</span> <span class='ocrx_word' id='word_1_146' title='bbox 2110 2099 2263 2165; x_wconf 87' lang='lat' dir='ltr'>olim</span> <span class='ocrx_word' id='word_1_147' title='bbox 2305 2106 2592 2166; x_wconf 83' lang='lat' dir='ltr'>extortae</span> <span class='ocrx_word' id='word_1_148' title='bbox 2636 2110 2851 2167; x_wconf 88' lang='lat' dir='ltr'>essent</span> <span class='ocrx_word' id='word_1_149' title='bbox 2894 2110 3153 2187; x_wconf 89' lang='lat' dir='ltr'>propter</span> 
     </span>
     <span class='ocr_line' id='line_1_20' title="bbox 811 2196 3152 2288; baseline 0.001 -20"><span class='ocrx_word' id='word_1_150' title='bbox 811 2203 1325 2269; x_wconf 85' lang='lat' dir='ltr'>reformationem</span> <span class='ocrx_word' id='word_1_151' title='bbox 1367 2203 1528 2269; x_wconf 87' lang='lat' dir='ltr'>:fidei</span> <span class='ocrx_word' id='word_1_152' title='bbox 1588 2201 2019 2282; x_wconf 85' lang='lat' dir='ltr'>Christianae,</span> <span class='ocrx_word' id='word_1_153' title='bbox 2092 2220 2283 2283; x_wconf 86' lang='lat' dir='ltr'>quam</span> <span class='ocrx_word' id='word_1_154' title='bbox 2338 2196 2650 2267; x_wconf 67' lang='lat' dir='ltr'>sinceram</span> <span class='ocrx_word' id='word_1_155' title='bbox 2704 2224 2958 2288; x_wconf 88' lang='lat' dir='ltr'>semper</span> <span class='ocrx_word' id='word_1_156' title='bbox 3010 2225 3152 2288; x_wconf 85' lang='lat' dir='ltr'>pro-</span> 
     </span>
     <span class='ocr_line' id='line_1_21' title="bbox 813 2301 3149 2389; baseline 0.001 -21"><span class='ocrx_word' id='word_1_157' title='bbox 813 2324 1054 2389; x_wconf 86' lang='lat' dir='ltr'>pagare</span> <span class='ocrx_word' id='word_1_158' title='bbox 1095 2312 1353 2371; x_wconf 88' lang='lat' dir='ltr'>nostrae</span> <span class='ocrx_word' id='word_1_159' title='bbox 1387 2304 1787 2371; x_wconf 76' lang='lat' dir='ltr'>universitati</span> <span class='ocrx_word' id='word_1_160' title='bbox 1815 2304 2165 2371; x_wconf 88' lang='lat' dir='ltr'>iniunctum</span> <span class='ocrx_word' id='word_1_161' title='bbox 2196 2310 2333 2371; x_wconf 87' lang='lat' dir='ltr'>erat</span> <span class='ocrx_word' id='word_1_162' title='bbox 2361 2301 2633 2368; x_wconf 83' lang='lat' dir='ltr'>officium</span> <span class='ocrx_word' id='word_1_163' title='bbox 2662 2306 3149 2373; x_wconf 88' lang='lat' dir='ltr'>sanctissimum.</span> 
     </span>
     <span class='ocr_line' id='line_1_22' title="bbox 814 2405 3153 2491; baseline 0 -18"><span class='ocrx_word' id='word_1_164' title='bbox 814 2408 916 2473; x_wconf 85' lang='lat' dir='ltr'>Ex</span> <span class='ocrx_word' id='word_1_165' title='bbox 971 2407 1094 2471; x_wconf 86' lang='lat' dir='ltr'>hac</span> <span class='ocrx_word' id='word_1_166' title='bbox 1149 2414 1362 2472; x_wconf 89' lang='lat' dir='ltr'>autem</span> <span class='ocrx_word' id='word_1_167' title='bbox 1417 2426 1664 2473; x_wconf 90' lang='lat' dir='ltr'>summa</span> <span class='ocrx_word' id='word_1_168' title='bbox 1704 2405 2063 2489; x_wconf 72' lang='lat' dir='ltr'>principum</span> <span class='ocrx_word' id='word_1_169' title='bbox 2105 2406 2460 2470; x_wconf 86' lang='lat' dir='ltr'>nostrorum</span> <span class='ocrx_word' id='word_1_170' title='bbox 2502 2407 2821 2473; x_wconf 88' lang='lat' dir='ltr'>communi</span> <span class='ocrx_word' id='word_1_171' title='bbox 2864 2413 2927 2474; x_wconf 92' lang='lat' dir='ltr'>et</span> <span class='ocrx_word' id='word_1_172' title='bbox 2969 2409 3153 2491; x_wconf 88' lang='lat' dir='ltr'>quasi</span> 
     </span>
     <span class='ocr_line' id='line_1_23' title="bbox 813 2506 3151 2590; baseline 0.001 -17"><span class='ocrx_word' id='word_1_173' title='bbox 813 2514 1251 2577; x_wconf 87' lang='lat' dir='ltr'>consummata</span> <span class='ocrx_word' id='word_1_174' title='bbox 1292 2528 1443 2573; x_wconf 90' lang='lat' dir='ltr'>cura</span> <span class='ocrx_word' id='word_1_175' title='bbox 1484 2515 1776 2590; x_wconf 84' lang='lat' dir='ltr'>quartum</span> <span class='ocrx_word' id='word_1_176' title='bbox 1820 2506 2080 2573; x_wconf 83' lang='lat' dir='ltr'>tandem</span> <span class='ocrx_word' id='word_1_177' title='bbox 2124 2506 2382 2575; x_wconf 86' lang='lat' dir='ltr'>emersit</span> <span class='ocrx_word' id='word_1_178' title='bbox 2423 2506 2595 2588; x_wconf 90' lang='lat' dir='ltr'>quod</span> <span class='ocrx_word' id='word_1_179' title='bbox 2622 2508 2968 2577; x_wconf 87' lang='lat' dir='ltr'>novissimo</span> <span class='ocrx_word' id='word_1_180' title='bbox 2997 2517 3151 2576; x_wconf 89' lang='lat' dir='ltr'>tem-</span> 
     </span>
     <span class='ocr_line' id='line_1_24' title="bbox 814 2608 3151 2694; baseline 0.001 -20"><span class='ocrx_word' id='word_1_181' title='bbox 814 2630 969 2694; x_wconf 78' lang='lat' dir='ltr'>pore</span> <span class='ocrx_word' id='word_1_182' title='bbox 1012 2632 1052 2675; x_wconf 91' lang='lat' dir='ltr'>a</span> <span class='ocrx_word' id='word_1_183' title='bbox 1094 2611 1429 2678; x_wconf 86' lang='lat' dir='ltr'>tetrarchis</span> <span class='ocrx_word' id='word_1_184' title='bbox 1472 2609 1809 2678; x_wconf 84' lang='lat' dir='ltr'>Saxonicis</span> <span class='ocrx_word' id='word_1_185' title='bbox 1865 2609 1935 2674; x_wconf 90' lang='lat' dir='ltr'>in</span> <span class='ocrx_word' id='word_1_186' title='bbox 1989 2615 2271 2676; x_wconf 83' lang='lat' dir='ltr'>nostram</span> <span class='ocrx_word' id='word_1_187' title='bbox 2326 2608 2807 2682; x_wconf 81' lang='lat' dir='ltr'>universitatem</span> <span class='ocrx_word' id='word_1_188' title='bbox 2850 2613 3151 2678; x_wconf 88' lang='lat' dir='ltr'>collatum</span> 
     </span>
     <span class='ocr_line' id='line_1_25' title="bbox 816 2711 3153 2793; baseline 0.002 -16"><span class='ocrx_word' id='word_1_189' title='bbox 816 2720 931 2778; x_wconf 90' lang='lat' dir='ltr'>est.</span> <span class='ocrx_word' id='word_1_190' title='bbox 1038 2713 1446 2786; x_wconf 83' lang='lat' dir='ltr'>Demandata</span> <span class='ocrx_word' id='word_1_191' title='bbox 1497 2713 1671 2780; x_wconf 89' lang='lat' dir='ltr'>enim</span> <span class='ocrx_word' id='word_1_192' title='bbox 1726 2712 1810 2777; x_wconf 89' lang='lat' dir='ltr'>ab</span> <span class='ocrx_word' id='word_1_193' title='bbox 1868 2711 1961 2780; x_wconf 90' lang='lat' dir='ltr'>eis</span> <span class='ocrx_word' id='word_1_194' title='bbox 2016 2717 2115 2778; x_wconf 87' lang='lat' dir='ltr'>est</span> <span class='ocrx_word' id='word_1_195' title='bbox 2168 2711 2330 2777; x_wconf 89' lang='lat' dir='ltr'>haec</span> <span class='ocrx_word' id='word_1_196' title='bbox 2384 2729 2568 2793; x_wconf 86' lang='lat' dir='ltr'>cura,</span> <span class='ocrx_word' id='word_1_197' title='bbox 2641 2719 2711 2776; x_wconf 90' lang='lat' dir='ltr'>ut</span> <span class='ocrx_word' id='word_1_198' title='bbox 2766 2732 2843 2779; x_wconf 89' lang='lat' dir='ltr'>eo</span> <span class='ocrx_word' id='word_1_199' title='bbox 2899 2714 3153 2782; x_wconf 81' lang='lat' dir='ltr'>enixius</span> 
     </span>
     <span class='ocr_line' id='line_1_26' title="bbox 815 2811 3150 2898; baseline 0.002 -21"><span class='ocrx_word' id='word_1_200' title='bbox 815 2814 1115 2897; x_wconf 83' lang='lat' dir='ltr'>opitulari</span> <span class='ocrx_word' id='word_1_201' title='bbox 1157 2815 1346 2882; x_wconf 87' lang='lat' dir='ltr'>nobis</span> <span class='ocrx_word' id='word_1_202' title='bbox 1384 2815 1605 2898; x_wconf 87' lang='lat' dir='ltr'>possit,</span> <span class='ocrx_word' id='word_1_203' title='bbox 1652 2813 1944 2894; x_wconf 76' lang='lat' dir='ltr'>curatori,</span> <span class='ocrx_word' id='word_1_204' title='bbox 1996 2813 2108 2895; x_wconf 88' lang='lat' dir='ltr'>qui</span> <span class='ocrx_word' id='word_1_205' title='bbox 2149 2818 2320 2878; x_wconf 89' lang='lat' dir='ltr'>recte</span> <span class='ocrx_word' id='word_1_206' title='bbox 2361 2812 2453 2880; x_wconf 90' lang='lat' dir='ltr'>sic</span> <span class='ocrx_word' id='word_1_207' title='bbox 2497 2811 2726 2882; x_wconf 84' lang='lat' dir='ltr'>dicitur</span> <span class='ocrx_word' id='word_1_208' title='bbox 2766 2834 2808 2879; x_wconf 89' lang='lat' dir='ltr'>a</span> <span class='ocrx_word' id='word_1_209' title='bbox 2850 2816 3150 2882; x_wconf 85' lang='lat' dir='ltr'>curando.</span> 
     </span>
     <span class='ocr_line' id='line_1_27' title="bbox 815 2914 3153 3001; baseline 0.002 -21"><span class='ocrx_word' id='word_1_210' title='bbox 815 2916 953 2980; x_wconf 90' lang='lat' dir='ltr'>Iam</span> <span class='ocrx_word' id='word_1_211' title='bbox 997 2916 1168 2982; x_wconf 87' lang='lat' dir='ltr'>enim</span> <span class='ocrx_word' id='word_1_212' title='bbox 1210 2917 1443 2994; x_wconf 83' lang='lat' dir='ltr'>utimur</span> <span class='ocrx_word' id='word_1_213' title='bbox 1483 2936 1637 2982; x_wconf 90' lang='lat' dir='ltr'>vero</span> <span class='ocrx_word' id='word_1_214' title='bbox 1677 2921 1968 2986; x_wconf 80' lang='lat' dir='ltr'>curatore</span> <span class='ocrx_word' id='word_1_215' title='bbox 2011 2914 2474 2995; x_wconf 86' lang='lat' dir='ltr'>Vniversitatis,</span> <span class='ocrx_word' id='word_1_216' title='bbox 2518 2914 2629 2997; x_wconf 83' lang='lat' dir='ltr'>qui</span> <span class='ocrx_word' id='word_1_217' title='bbox 2670 2922 2862 2981; x_wconf 89' lang='lat' dir='ltr'>antea</span> <span class='ocrx_word' id='word_1_218' title='bbox 2904 2918 3153 3001; x_wconf 83' lang='lat' dir='ltr'>legatus</span> 
     </span>
     <span class='ocr_line' id='line_1_28' title="bbox 812 3015 3152 3102; baseline 0.003 -21"><span class='ocrx_word' id='word_1_219' title='bbox 812 3023 1060 3082; x_wconf 87' lang='lat' dir='ltr'>tantum</span> <span class='ocrx_word' id='word_1_220' title='bbox 1092 3025 1229 3085; x_wconf 90' lang='lat' dir='ltr'>erat</span> <span class='ocrx_word' id='word_1_221' title='bbox 1256 3018 1613 3102; x_wconf 88' lang='lat' dir='ltr'>principum</span> <span class='ocrx_word' id='word_1_222' title='bbox 1640 3024 2018 3098; x_wconf 75' lang='lat' dir='ltr'>nostrorum,</span> <span class='ocrx_word' id='word_1_223' title='bbox 2060 3015 2296 3098; x_wconf 87' lang='lat' dir='ltr'>iniquis</span> <span class='ocrx_word' id='word_1_224' title='bbox 2330 3016 2723 3100; x_wconf 86' lang='lat' dir='ltr'>temporibus</span> <span class='ocrx_word' id='word_1_225' title='bbox 2753 3024 2816 3083; x_wconf 92' lang='lat' dir='ltr'>et</span> <span class='ocrx_word' id='word_1_226' title='bbox 2843 3020 3152 3102; x_wconf 82' lang='lat' dir='ltr'>gliscente</span> 
     </span>
    </p>
   </div>
   <div class='ocr_carea' id='block_1_5' title="bbox 789 3117 3150 3203">
    <p class='ocr_par' dir='ltr' id='par_1_5' title="bbox 789 3117 3150 3203">
     <span class='ocr_line' id='line_1_29' title="bbox 789 3117 3150 3203; baseline 0.001 -18"><span class='ocrx_word' id='word_1_227' title='bbox 789 3120 1178 3203; x_wconf 76' lang='lat' dir='ltr'>&#39;suspicione</span> <span class='ocrx_word' id='word_1_228' title='bbox 1234 3121 1385 3186; x_wconf 89' lang='lat' dir='ltr'>olim</span> <span class='ocrx_word' id='word_1_229' title='bbox 1441 3120 1527 3184; x_wconf 88' lang='lat' dir='ltr'>ad</span> <span class='ocrx_word' id='word_1_230' title='bbox 1584 3139 1701 3185; x_wconf 92' lang='lat' dir='ltr'>nos</span> <span class='ocrx_word' id='word_1_231' title='bbox 1757 3119 2007 3184; x_wconf 89' lang='lat' dir='ltr'>missus.</span> <span class='ocrx_word' id='word_1_232' title='bbox 2108 3117 2253 3182; x_wconf 87' lang='lat' dir='ltr'>Tali</span> <span class='ocrx_word' id='word_1_233' title='bbox 2309 3123 2522 3184; x_wconf 88' lang='lat' dir='ltr'>autem</span> <span class='ocrx_word' id='word_1_234' title='bbox 2583 3125 2872 3186; x_wconf 90' lang='lat' dir='ltr'>curatore</span> <span class='ocrx_word' id='word_1_235' title='bbox 2932 3129 3150 3187; x_wconf 89' lang='lat' dir='ltr'>nostra</span> 
     </span>
    </p>
   </div>
   <div class='ocr_carea' id='block_1_6' title="bbox 813 3218 3152 4426">
    <p class='ocr_par' dir='ltr' id='par_1_6' title="bbox 813 3218 3152 4426">
     <span class='ocr_line' id='line_1_30' title="bbox 816 3218 3148 3306; baseline 0.001 -20"><span class='ocrx_word' id='word_1_236' title='bbox 816 3222 1198 3288; x_wconf 84' lang='lat' dir='ltr'>universitas</span> <span class='ocrx_word' id='word_1_237' title='bbox 1239 3242 1325 3288; x_wconf 91' lang='lat' dir='ltr'>ne</span> <span class='ocrx_word' id='word_1_238' title='bbox 1367 3221 1599 3306; x_wconf 83' lang='lat' dir='ltr'>poterit</span> <span class='ocrx_word' id='word_1_239' title='bbox 1642 3219 1900 3304; x_wconf 88' lang='lat' dir='ltr'>quidem</span> <span class='ocrx_word' id='word_1_240' title='bbox 1943 3238 2176 3284; x_wconf 89' lang='lat' dir='ltr'>carere.</span> <span class='ocrx_word' id='word_1_241' title='bbox 2250 3218 2407 3297; x_wconf 82' lang='lat' dir='ltr'>Quis</span> <span class='ocrx_word' id='word_1_242' title='bbox 2442 3218 2632 3301; x_wconf 90' lang='lat' dir='ltr'>enim,</span> <span class='ocrx_word' id='word_1_243' title='bbox 2680 3227 2934 3304; x_wconf 90' lang='lat' dir='ltr'>praeter</span> <span class='ocrx_word' id='word_1_244' title='bbox 2961 3223 3148 3306; x_wconf 90' lang='lat' dir='ltr'>hunc,</span> 
     </span>
     <span class='ocr_line' id='line_1_31' title="bbox 813 3321 3151 3407; baseline 0.002 -20"><span class='ocrx_word' id='word_1_245' title='bbox 813 3344 1033 3390; x_wconf 87' lang='lat' dir='ltr'>veram</span> <span class='ocrx_word' id='word_1_246' title='bbox 1089 3323 1493 3389; x_wconf 86' lang='lat' dir='ltr'>concordiam</span> <span class='ocrx_word' id='word_1_247' title='bbox 1546 3324 1712 3388; x_wconf 88' lang='lat' dir='ltr'>inter</span> <span class='ocrx_word' id='word_1_248' title='bbox 1764 3321 2115 3387; x_wconf 86' lang='lat' dir='ltr'>tetrarchas</span> <span class='ocrx_word' id='word_1_249' title='bbox 2171 3326 2420 3385; x_wconf 83' lang='lat' dir='ltr'>nostros</span> <span class='ocrx_word' id='word_1_250' title='bbox 2479 3328 2542 3385; x_wconf 93' lang='lat' dir='ltr'>et</span> <span class='ocrx_word' id='word_1_251' title='bbox 2595 3322 2934 3406; x_wconf 87' lang='lat' dir='ltr'>magistros</span> <span class='ocrx_word' id='word_1_252' title='bbox 2977 3324 3151 3407; x_wconf 86' lang='lat' dir='ltr'>ipsos</span> 
     </span>
     <span class='ocr_line' id='line_1_32' title="bbox 814 3421 3150 3509; baseline 0.001 -20"><span class='ocrx_word' id='word_1_253' title='bbox 814 3432 985 3491; x_wconf 89' lang='lat' dir='ltr'>recte</span> <span class='ocrx_word' id='word_1_254' title='bbox 1056 3432 1267 3509; x_wconf 89' lang='lat' dir='ltr'>potest</span> <span class='ocrx_word' id='word_1_255' title='bbox 1337 3425 1558 3492; x_wconf 76' lang='lat' dir='ltr'>alere?</span> <span class='ocrx_word' id='word_1_256' title='bbox 1660 3425 1815 3504; x_wconf 82' lang='lat' dir='ltr'>Quis</span> <span class='ocrx_word' id='word_1_257' title='bbox 1871 3423 2053 3488; x_wconf 87' lang='lat' dir='ltr'>varia</span> <span class='ocrx_word' id='word_1_258' title='bbox 2108 3421 2464 3505; x_wconf 90' lang='lat' dir='ltr'>principum</span> <span class='ocrx_word' id='word_1_259' title='bbox 2520 3423 2734 3489; x_wconf 88' lang='lat' dir='ltr'>studia</span> <span class='ocrx_word' id='word_1_260' title='bbox 2806 3424 2892 3489; x_wconf 90' lang='lat' dir='ltr'>ad</span> <span class='ocrx_word' id='word_1_261' title='bbox 2956 3446 3150 3491; x_wconf 92' lang='lat' dir='ltr'>unum</span> 
     </span>
     <span class='ocr_line' id='line_1_33' title="bbox 814 3523 3147 3611; baseline 0 -19"><span class='ocrx_word' id='word_1_262' title='bbox 814 3526 1003 3595; x_wconf 84' lang='lat' dir='ltr'>finem</span> <span class='ocrx_word' id='word_1_263' title='bbox 1062 3526 1366 3610; x_wconf 86' lang='lat' dir='ltr'>dirigere,</span> <span class='ocrx_word' id='word_1_264' title='bbox 1422 3528 1593 3611; x_wconf 85' lang='lat' dir='ltr'>quis,</span> <span class='ocrx_word' id='word_1_265' title='bbox 1650 3526 1776 3592; x_wconf 89' lang='lat' dir='ltr'>nisi</span> <span class='ocrx_word' id='word_1_266' title='bbox 1818 3544 2124 3610; x_wconf 87' lang='lat' dir='ltr'>praesens</span> <span class='ocrx_word' id='word_1_267' title='bbox 2167 3523 2250 3590; x_wconf 89' lang='lat' dir='ltr'>sit</span> <span class='ocrx_word' id='word_1_268' title='bbox 2290 3523 2431 3606; x_wconf 90' lang='lat' dir='ltr'>ipse</span> <span class='ocrx_word' id='word_1_269' title='bbox 2474 3530 2555 3590; x_wconf 86' lang='lat' dir='ltr'>et·</span> <span class='ocrx_word' id='word_1_270' title='bbox 2579 3526 2911 3592; x_wconf 89' lang='lat' dir='ltr'>nobiscum</span> <span class='ocrx_word' id='word_1_271' title='bbox 2955 3529 3147 3611; x_wconf 86' lang='lat' dir='ltr'>vivat,</span> 
     </span>
     <span class='ocr_line' id='line_1_34' title="bbox 817 3624 3151 3713; baseline 0.001 -19"><span class='ocrx_word' id='word_1_272' title='bbox 817 3630 971 3712; x_wconf 86' lang='lat' dir='ltr'>quid</span> <span class='ocrx_word' id='word_1_273' title='bbox 1014 3649 1303 3712; x_wconf 88' lang='lat' dir='ltr'>quaeque</span> <span class='ocrx_word' id='word_1_274' title='bbox 1344 3630 1587 3713; x_wconf 84' lang='lat' dir='ltr'>polleat</span> <span class='ocrx_word' id='word_1_275' title='bbox 1632 3628 1999 3711; x_wconf 85' lang='lat' dir='ltr'>disciplina,</span> <span class='ocrx_word' id='word_1_276' title='bbox 2059 3646 2249 3709; x_wconf 87' lang='lat' dir='ltr'>quam</span> <span class='ocrx_word' id='word_1_277' title='bbox 2290 3624 2684 3708; x_wconf 84' lang='lat' dir='ltr'>profitemur,</span> <span class='ocrx_word' id='word_1_278' title='bbox 2732 3627 2885 3709; x_wconf 87' lang='lat' dir='ltr'>quid</span> <span class='ocrx_word' id='word_1_279' title='bbox 2928 3630 3151 3712; x_wconf 88' lang='lat' dir='ltr'>cuique</span> 
     </span>
     <span class='ocr_line' id='line_1_35' title="bbox 822 3728 3152 3813; baseline 0.001 -18"><span class='ocrx_word' id='word_1_280' title='bbox 822 3730 1016 3812; x_wconf 89' lang='lat' dir='ltr'>desit,</span> <span class='ocrx_word' id='word_1_281' title='bbox 1073 3731 1198 3798; x_wconf 89' lang='lat' dir='ltr'>nisi</span> <span class='ocrx_word' id='word_1_282' title='bbox 1240 3733 1418 3798; x_wconf 88' lang='lat' dir='ltr'>testis</span> <span class='ocrx_word' id='word_1_283' title='bbox 1461 3733 1544 3797; x_wconf 90' lang='lat' dir='ltr'>sit</span> <span class='ocrx_word' id='word_1_284' title='bbox 1582 3731 1899 3811; x_wconf 84' lang='lat' dir='ltr'>oculatus,</span> <span class='ocrx_word' id='word_1_285' title='bbox 1953 3728 2316 3813; x_wconf 88' lang='lat' dir='ltr'>perspicere</span> <span class='ocrx_word' id='word_1_286' title='bbox 2356 3728 2611 3810; x_wconf 71' lang='lat' dir='ltr'>potest?</span> <span class='ocrx_word' id='word_1_287' title='bbox 2699 3730 2924 3796; x_wconf 87' lang='lat' dir='ltr'>Talem</span> <span class='ocrx_word' id='word_1_288' title='bbox 2966 3731 3152 3813; x_wconf 90' lang='lat' dir='ltr'>igitur</span> 
     </span>
     <span class='ocr_line' id='line_1_36' title="bbox 816 3829 3151 3916; baseline -0 -16"><span class='ocrx_word' id='word_1_289' title='bbox 816 3840 1189 3914; x_wconf 87' lang='lat' dir='ltr'>curatorem,</span> <span class='ocrx_word' id='word_1_290' title='bbox 1237 3839 1447 3916; x_wconf 90' lang='lat' dir='ltr'>(quem</span> <span class='ocrx_word' id='word_1_291' title='bbox 1490 3833 1547 3899; x_wconf 89' lang='lat' dir='ltr'>si</span> <span class='ocrx_word' id='word_1_292' title='bbox 1587 3852 1695 3898; x_wconf 89' lang='lat' dir='ltr'>cor</span> <span class='ocrx_word' id='word_1_293' title='bbox 1738 3851 1881 3900; x_wconf 84' lang='lat' dir='ltr'>esse</span> <span class='ocrx_word' id='word_1_294' title='bbox 1910 3831 2147 3898; x_wconf 80' lang='lat' dir='ltr'>dixere</span> <span class='ocrx_word' id='word_1_295' title='bbox 2191 3829 2377 3895; x_wconf 89' lang='lat' dir='ltr'>huius</span> <span class='ocrx_word' id='word_1_296' title='bbox 2419 3830 2826 3914; x_wconf 88' lang='lat' dir='ltr'>reipublicae,</span> <span class='ocrx_word' id='word_1_297' title='bbox 2879 3832 3151 3899; x_wconf 88' lang='lat' dir='ltr'>reddens</span> 
     </span>
     <span class='ocr_line' id='line_1_37' title="bbox 819 3932 3149 4019; baseline 0 -19"><span class='ocrx_word' id='word_1_298' title='bbox 819 3935 888 4002; x_wconf 90' lang='lat' dir='ltr'>in</span> <span class='ocrx_word' id='word_1_299' title='bbox 931 3955 1151 4001; x_wconf 90' lang='lat' dir='ltr'>omnes</span> <span class='ocrx_word' id='word_1_300' title='bbox 1194 3935 1473 4019; x_wconf 79' lang='lat' dir='ltr'>corporis</span> <span class='ocrx_word' id='word_1_301' title='bbox 1516 3934 1718 4006; x_wconf 88' lang='lat' dir='ltr'>nostri</span> <span class='ocrx_word' id='word_1_302' title='bbox 1758 3940 1973 4018; x_wconf 85' lang='lat' dir='ltr'>partes</span> <span class='ocrx_word' id='word_1_303' title='bbox 1992 3933 2203 4013; x_wconf 72' lang='lat' dir='ltr'>hunc,</span> <span class='ocrx_word' id='word_1_304' title='bbox 2248 3951 2375 4014; x_wconf 85' lang='lat' dir='ltr'>quo</span> <span class='ocrx_word' id='word_1_305' title='bbox 2416 3932 2688 4002; x_wconf 82' lang='lat' dir='ltr'>vivimus</span> <span class='ocrx_word' id='word_1_306' title='bbox 2723 3934 3149 4017; x_wconf 85' lang='lat' dir='ltr'>vigemusque,</span> 
     </span>
     <span class='ocr_line' id='line_1_38' title="bbox 822 4034 3151 4122; baseline -0.001 -19"><span class='ocrx_word' id='word_1_307' title='bbox 822 4038 1095 4103; x_wconf 86' lang='lat' dir='ltr'>divisum</span> <span class='ocrx_word' id='word_1_308' title='bbox 1138 4038 1375 4122; x_wconf 86' lang='lat' dir='ltr'>pariter</span> <span class='ocrx_word' id='word_1_309' title='bbox 1415 4037 1483 4102; x_wconf 86' lang='lat' dir='ltr'>in</span> <span class='ocrx_word' id='word_1_310' title='bbox 1528 4055 1748 4110; x_wconf 82' lang='lat' dir='ltr'>omnes</span> <span class='ocrx_word' id='word_1_311' title='bbox 1777 4056 1978 4110; x_wconf 76' lang='lat' dir='ltr'>venas</span> <span class='ocrx_word' id='word_1_312' title='bbox 2011 4034 2409 4117; x_wconf 85' lang='lat' dir='ltr'>sanguinem,</span> <span class='ocrx_word' id='word_1_313' title='bbox 2453 4041 2663 4100; x_wconf 88' lang='lat' dir='ltr'>vestro</span> <span class='ocrx_word' id='word_1_314' title='bbox 2694 4055 3009 4102; x_wconf 89' lang='lat' dir='ltr'>consensu</span> <span class='ocrx_word' id='word_1_315' title='bbox 3037 4037 3151 4101; x_wconf 88' lang='lat' dir='ltr'>hoc</span> 
     </span>
     <span class='ocr_line' id='line_1_39' title="bbox 821 4135 3151 4221; baseline -0.001 -16"><span class='ocrx_word' id='word_1_316' title='bbox 821 4140 1060 4205; x_wconf 82' lang='lat' dir='ltr'>dixisse</span> <span class='ocrx_word' id='word_1_317' title='bbox 1102 4138 1391 4215; x_wconf 85' lang='lat' dir='ltr'>videbor)</span> <span class='ocrx_word' id='word_1_318' title='bbox 1447 4139 1643 4205; x_wconf 84' lang='lat' dir='ltr'>talem</span> <span class='ocrx_word' id='word_1_319' title='bbox 1697 4138 1891 4221; x_wconf 87' lang='lat' dir='ltr'>igitur</span> <span class='ocrx_word' id='word_1_320' title='bbox 1946 4138 2151 4202; x_wconf 87' lang='lat' dir='ltr'>virum</span> <span class='ocrx_word' id='word_1_321' title='bbox 2208 4135 2729 4204; x_wconf 88' lang='lat' dir='ltr'>candidissimum</span> <span class='ocrx_word' id='word_1_322' title='bbox 2778 4156 2854 4202; x_wconf 86' lang='lat' dir='ltr'>ac</span> <span class='ocrx_word' id='word_1_323' title='bbox 2895 4137 3151 4204; x_wconf 85' lang='lat' dir='ltr'>iustissi-</span> 
     </span>
     <span class='ocr_line' id='line_1_40' title="bbox 822 4237 3151 4323; baseline -0.002 -13"><span class='ocrx_word' id='word_1_324' title='bbox 822 4262 1027 4322; x_wconf 88' lang='lat' dir='ltr'>mum,</span> <span class='ocrx_word' id='word_1_325' title='bbox 1075 4260 1266 4323; x_wconf 88' lang='lat' dir='ltr'>quem</span> <span class='ocrx_word' id='word_1_326' title='bbox 1305 4241 1442 4307; x_wconf 89' lang='lat' dir='ltr'>iure</span> <span class='ocrx_word' id='word_1_327' title='bbox 1486 4239 1810 4322; x_wconf 83' lang='lat' dir='ltr'>diligimus</span> <span class='ocrx_word' id='word_1_328' title='bbox 1854 4245 1918 4308; x_wconf 83' lang='lat' dir='ltr'>et</span> <span class='ocrx_word' id='word_1_329' title='bbox 1959 4257 2366 4318; x_wconf 81' lang='lat' dir='ltr'>veneramur,</span> <span class='ocrx_word' id='word_1_330' title='bbox 2392 4257 2535 4302; x_wconf 87' lang='lat' dir='ltr'>-nos</span> <span class='ocrx_word' id='word_1_331' title='bbox 2576 4237 2707 4303; x_wconf 86' lang='lat' dir='ltr'>iam</span> <span class='ocrx_word' id='word_1_332' title='bbox 2751 4245 2972 4306; x_wconf 89' lang='lat' dir='ltr'>nactos</span> <span class='ocrx_word' id='word_1_333' title='bbox 3017 4258 3151 4306; x_wconf 79' lang='lat' dir='ltr'>esse</span> 
     </span>
     <span class='ocr_line' id='line_1_41' title="bbox 823 4340 2457 4426; baseline -0.004 -18"><span class='ocrx_word' id='word_1_334' title='bbox 823 4344 1233 4426; x_wconf 72' lang='lat' dir='ltr'>vehementer</span> <span class='ocrx_word' id='word_1_335' title='bbox 1274 4343 1627 4426; x_wconf 84' lang='lat' dir='ltr'>gaudemus</span> <span class='ocrx_word' id='word_1_336' title='bbox 1671 4349 1735 4408; x_wconf 89' lang='lat' dir='ltr'>et</span> <span class='ocrx_word' id='word_1_337' title='bbox 1776 4342 2053 4424; x_wconf 85' lang='lat' dir='ltr'>ingenue</span> <span class='ocrx_word' id='word_1_338' title='bbox 2096 4340 2457 4422; x_wconf 82' lang='lat' dir='ltr'>gloriamur.</span> 
     </span>
    </p>
   </div>
  </div>
 </body>
</html>
