3499 5219
1285 436 1813 497 ...59-

364 605 611 664 miseria
665 606 840 681 putas
896 620 1005 663 nos
1058 601 1263 662 vivere
1320 621 1451 662 cum
1492 602 1678 662 maior
1720 622 1862 679 pars
1905 604 2209 664 Ecclesiae
2255 605 2331 665 ab
2375 623 2486 665 usu
2529 623 2723 665 sacra·

365 693 700 750 mentorum
742 693 802 748 et
840 685 1248 747 testificatione
1291 687 1565 764 baptismi
1620 689 1698 748 sit
1753 690 1994 767 avulsa,
2067 689 2437 750 conscientiis
2489 690 2722 750 interim

365 776 468 834 vel
510 775 571 834 in
616 774 992 834 securitatem
1032 772 1132 831 vel
1173 773 1232 831 in
1278 775 1672 849 contemptum
1688 817 1704 850 ,
1764 774 1863 833 vel
1905 774 2258 834 horrendam
2301 774 2721 835 dubitationem

364 859 790 920 incidentibus!
838 858 959 918 Sed
1000 857 1295 917 orabimus
1336 859 1532 917 Deum
1573 876 1684 934 per
1709 859 1928 918 Filium
1970 877 2159 937 suum,
2203 863 2270 918 ut
2296 860 2524 937 mitiget
2550 860 2718 920 nobis

365 964 594 1022 poenas
648 962 798 1021 quas
854 942 1047 1002 meriti
1101 960 1301 1002 sumus
1350 960 1463 1002 nec
1517 943 1672 1003 sinat
1724 943 1994 1020 extingui
2051 944 2112 1004 in
2170 945 2340 1005 nobis
2396 946 2717 1022 simplicem

364 1030 794 1092 confessionem
837 1028 1140 1088 doctrinae
1183 1046 1343 1087 suae.
1390 1060 1477 1072 ——
1518 1029 1654 1087 Dat.
1700 1029 1959 1089 XXVIII
2000 1029 2276 1105 Augusti.
2365 1031 2411 1089 Ι.
2459 1030 2519 1091 S.

530 1117 606 1174 D.
652 1115 964 1174 Pomorum
1005 1116 1270 1172 amanter
1321 1113 1532 1172 saluto.

1062 1299 1109 1348 4.
1148 1295 1269 1346 cod.
1306 1296 1465 1346 chart.
1503 1297 1561 1345 B.
1598 1296 1660 1344 N.
1699 1297 1783 1348 28.
1817 1297 1853 1348 f.
1897 1299 2007 1348 171.

993 1395 1291 1481 Staeyelz'us
1332 1397 1651 1462 Ioachimo
1700 1396 2082 1463 Camerare'O.

529 1534 867 1595 Adventum
909 1539 1075 1595 tuum
1117 1535 1193 1595 ad
1234 1554 1343 1596 nos
1387 1537 1875 1614 expectabamus,
1933 1537 2065 1596 ideo
2109 1536 2545 1597 transmiseram
2590 1538 2711 1613 epi·

356 1618 575 1677 stolam
614 1624 774 1680 tuam
818 1625 884 1680 ut
927 1620 1277 1681 redderetur
1303 1621 1536 1681 Dassio.
1597 1621 1716 1682 Sed
1762 1639 1897 1681 eum
1937 1639 2190 1698 peregre
2220 1621 2550 1697 profectum
2580 1640 2709 1681 esse

357 1721 473 1762 nec
529 1704 854 1764 rediturum
910 1709 1047 1765 ante
1101 1705 1234 1766 idus
1288 1707 1588 1783 proximas
1644 1707 1720 1765 ad
1775 1725 1867 1765 me
1923 1707 2288 1784 retulerunt,
2363 1705 2579 1782 quibus
2635 1707 2708 1765 de

356 1787 728 1863 profectione
772 1790 898 1850 eius
941 1793 1186 1851 constat.
1274 1791 1405 1851 Hoc
1445 1795 1505 1851 te
1548 1792 1702 1851 scire
1746 1791 1910 1851 volui
1926 1836 1944 1870 ‚
2002 1791 2051 1852 si
2096 1791 2240 1867 quid
2284 1809 2462 1867 porro
2519 1791 2708 1850 velles

348 1870 507 1950 fieri,
559 1880 623 1934 ut
664 1875 803 1935 mihi
846 1874 1227 1952 significares.
1314 1878 1387 1936 In
1431 1877 1683 1953 epistola
1722 1880 1828 1936 tua
1870 1875 2138 1952 proxima
2181 1876 2528 1935 subodorari
2570 1876 2711 1935 mihi

355 1957 583 2035 videor,
627 1960 834 2037 quales
874 1961 1198 2021 rumusculi
1240 1961 1362 2021 illic
1407 1965 1785 2038 spargantur.
1846 1962 1996 2021 Sunt
2037 1961 2132 2021 isti
2171 1960 2494 2020 rumusculi
2523 1961 2709 2021 veluti

290 2106 296 2111 ,
355 2061 600 2118 spumae
643 2046 929 2104 malarum
973 2046 1391 2122 cogitationum
1432 2047 1493 2106 in
1536 2047 1719 2123 vulgo
1734 2091 1752 2125 ‚
1825 2065 2073 2122 quorum
2117 2064 2354 2106 causam
2398 2064 2508 2122 ego
2564 2064 2706 2107 non·
2747 2108 2750 2111 ,

353 2128 496 2187 dum
548 2129 738 2190 video.
841 2131 1013 2191 Nosti
1076 2131 1225 2191 illud
1288 2123 1359 2189 οὗ
1417 2127 1679 2208 κρίνεται
1736 2126 1815 2190 τὰ
1878 2125 2036 2188 καλὰ
2088 2125 2208 2189 ὑπὸ
2264 2133 2390 2189 τῶν
2444 2130 2705 2190 πολλῶν.

357 2212 593 2289 Cupere
636 2218 829 2274 autem
874 2233 946 2274 ea
988 2234 1140 2292 quae
1185 2216 1313 2275 iure
1357 2217 1547 2293 possis
1589 2220 1795 2293 petere
1839 2234 1949 2275 nec
1993 2215 2235 2276 sceleris
2270 2233 2380 2276 nec
2409 2215 2707 2274 temerarii

354 2298 609 2374 impetus
652 2318 780 2360 esse
823 2301 1036 2361 iudico.
1124 2301 1445 2361 Patronum
1488 2320 1579 2360 me
1629 2301 1829 2377 parari
1886 2299 2123 2360 funebri
2179 2296 2430 2359 orationi
2484 2304 2641 2378 tuae,
2662 2299 2703 2375 ¹)

353 2383 434 2441 mi
477 2387 724 2460 patrone
768 2384 1081 2463 Ioachime‚
1129 2385 1452 2446 cuiusmodi
1496 2386 1570 2445 sit
1613 2387 1714 2445 vix
1757 2389 1918 2446 recte
1962 2384 2246 2461 intelligo.
2311 2385 2540 2463 Egone,
2584 2380 2703 2461 pri-

352 2472 526 2528 vatus
570 2468 899 2547 homunciO,
944 2471 1274 2530 clientelam
1316 2471 1631 2547 suscipiam
1670 2471 1819 2530 tanti
1859 2470 2192 2547 splendoris
2235 2468 2502 2547 publici?
2574 2469 2705 2530 Hoc

351 2554 599 2631 perinde
646 2559 772 2615 erat
815 2574 885 2616 ac
927 2554 976 2618 si
1019 2555 1294 2616 Herculis
1340 2556 1565 2625 clavam
1609 2575 1798 2634 puero
1843 2554 2183 2617 committas.
2271 2554 2459 2615 Nimis
2516 2555 2703 2615 ardua

351 2658 450 2699 res
496 2643 585 2699 est
627 2641 907 2717 princeps
950 2659 1061 2701 nec
1104 2641 1218 2701 nisi
1261 2660 1296 2700 a
1341 2641 1609 2719 principe
1653 2642 1713 2701 in
1764 2641 2073 2718 republica
2127 2640 2253 2700 viro
2310 2640 2466 2699 fama
2521 2644 2700 2716 atque

352 2724 609 2800 dignitas
653 2725 938 2803 principis
983 2725 1219 2786 defendi
1263 2729 1476 2803 potest.
1540 2728 1598 2786 N
1603 2745 1670 2786 ec
1714 2728 1870 2786 enim
1897 2726 2148 2786 Achillis
2193 2743 2289 2784 res
2333 2729 2532 2802 gestas
2574 2728 2700 2785 tue-

351 2810 513 2869 bitur
558 2810 806 2870 Calchas
848 2811 1058 2871 melius
1102 2815 1204 2870 aut
1245 2810 1568 2890 decentius,
1615 2831 1791 2887 quam
1819 2812 2126 2871 Menelaus
2168 2813 2270 2869 aut
2297 2811 2699 2887 Agamemnon

351 2898 457 2954 aut
498 2896 766 2971 Vlysses.
845 2896 1094 2956 Accedit
1134 2895 1251 2955 huc
1296 2897 1455 2972 quod
1500 2901 1808 2956 externum
1849 2896 2238 2973 patrocinium
2281 2895 2459 2954 habet
2500 2895 2698 2955 nescio

351 2979 497 3056 quid
539 2981 803 3040 indecori
848 2985 950 3040 aut
993 2979 1170 3042 officii
1214 2980 1409 3040 alieni.
1498 2982 1697 3057 Impar
1740 3000 1854 3059 ego
1895 2981 2122 3041 viribus
2166 2983 2224 3039 et
2266 2983 2383 3038 tam
2438 2980 2698 3040 titubans

351 3064 427 3123 ad
469 3069 689 3124 tantam
731 3067 959 3144 molem,
1004 3083 1150 3142 rogo
1196 3084 1270 3125 ne
1314 3065 1425 3125 hoc
1468 3065 1754 3126 beneficio
1784 3068 2086 3126 Musarum
2127 3084 2217 3124 me
2249 3063 2492 3143 afficias,
2538 3065 2697 3140 quod

350 3150 517 3209 oneri
559 3151 755 3226 potius
800 3168 976 3227 quam
1018 3149 1225 3210 honori
1269 3151 1406 3210 mihi
1449 3150 1711 3211 futurum
1757 3170 1884 3211 esse
1926 3151 2056 3228 ipse
2112 3149 2311 3209 multis
2366 3148 2697 3209 nominibus

348 3235 657 3294 aestimare
699 3240 887 3312 potes.
961 3235 1090 3295 Hoc
1134 3239 1199 3294 ut
1238 3235 1612 3312 impetrarem
1655 3237 1763 3297 abs
1805 3240 1865 3296 te
1908 3236 2020 3295 hoc
2062 3239 2324 3311 tempore
2367 3233 2496 3294 misi
2538 3233 2697 3293 hunc

346 3321 652 3398 nuncium,
700 3340 831 3380 cum
873 3339 990 3397 quo
1035 3325 1099 3378 ut
1140 3322 1432 3381 rescribas
1479 3321 1648 3400 mihi,
1694 3324 1958 3381 amanter
1999 3339 2121 3380 oro.
2212 3317 2404 3391 Quum
2444 3318 2697 3395 primum

349 3405 531 3464 allata
586 3406 661 3464 ad
716 3424 822 3465 vos
877 3405 1097 3464 fuerint
1153 3405 1423 3482 exempla
1464 3406 1788 3483 Nicephori
1844 3424 2065 3482 quaeso
2111 3404 2466 3464 Ioachimum
2509 3407 2692 3481 tuum,

347 3495 414 3549 ut
456 3490 598 3549 mihi
640 3490 947 3568 significet,
994 3507 1168 3566 quem
1209 3491 1401 3550 saluto
1432 3496 1713 3550 amanter.
1775 3490 2085 3551 Esronium
2100 3489 2178 3568 (32)
2212 3491 2333 3547 ate
2363 3488 2692 3565 digressum

347 3594 478 3634 esse
527 3576 801 3636 arbitror.
890 3576 980 3634 Te
1025 3578 1299 3651 expectat
1341 3576 1656 3652 collegium
1709 3581 1990 3636 nostrum.
2080 3574 2313 3650 Optime
2370 3574 2537 3652 vale,
2597 3574 2690 3633 Ex

346 3660 567 3720 Salana
611 3661 799 3737 pridie
843 3661 1046 3719 Nonas
1089 3660 1348 3719 sextiles.

1002 3845 1050 3894 5.
1089 3839 1208 3894 cod.
1246 3844 1466 3897 chartac.
1501 3844 1559 3893 Β.
1597 3844 1693 3892 Ne.
1730 3845 1814 3895 28.
1851 3842 1885 3894 f.
1927 3845 2039 3895 172.

835 3945 1179 4009 Ioackz'mus
1228 3943 1621 4008 Camerarius
1662 3945 1892 4009 Ioanni
1930 3943 2212 4028 SciqeliO.

517 4084 692 4143 Nunc
736 4101 879 4143 vero
921 4102 1162 4144 necesse
1208 4086 1297 4143 est
1337 4085 1395 4140 te
1440 4080 1639 4141 facere
1682 4082 1742 4141 id
1788 4084 1947 4157 quod
1990 4102 2025 4142 a
2066 4086 2126 4141 te
2169 4099 2362 4157 nuper
2403 4080 2546 4157 petii
2575 4077 2688 4138 nisi

347 4170 596 4229 amicum
641 4173 698 4228 et
740 4169 1185 4228 benevolentem
1229 4167 1447 4227 amicus
1492 4171 1550 4226 et
1584 4168 1908 4227 benevolus
1936 4168 2085 4228 velis
2113 4170 2172 4227 et
2200 4167 2359 4226 ausis
2390 4166 2686 4241 deserere,

484 4405 520 4469 ¹)
556 4406 619 4455 In
654 4403 953 4455 Mauritium
986 4402 1293 4454 Electorem.
