3499 5219
1681 442 1815 447 m
1907 407 2027 468 144
2114 443 2248 451 -m-

1285 577 1495 637 Deliae
1537 576 1725 636 tutela
1769 575 1937 656 deae,
1981 575 2227 654 fugaces

1285 663 1524 739 Lyncas
1568 666 1627 722 et
1670 679 1878 722 cervas
1921 660 2247 724 cohibentis
2289 679 2454 741 arcu,

1282 747 1559 807 Lesbium
1601 749 1834 806 servate
1878 746 2108 828 pedem,
2151 747 2383 826 meique

1456 831 1698 892 Pollicis
1739 831 2001 911 ictum¹),

1286 918 1418 977 Rite
1461 917 1724 977 Latonae
1770 934 2018 993 puerum
2061 923 2360 994 canentes,

1287 1004 1420 1063 Rite
1464 1007 1825 1063 crescentem
1871 1001 2000 1062 face
2042 1004 2434 1080 Noctilucam,

1286 1089 1640 1164 Prosperam
1684 1087 1923 1164 frugum
1963 1088 2335 1166 celeremque
2378 1106 2598 1163 pronos

1458 1173 1716 1232 Volvere
1760 1191 2021 1251 menses3

1288 1258 1492 1335 Nupta
1533 1257 1647 1317 iam
1690 1256 1884 1319 dices:
1927 1259 2057 1336 Ego
2100 1258 2190 1318 dis
2232 1257 2479 1321 amicum

1289 1342 1538 1403 Saeculo
1583 1343 1766 1403 festas
1809 1341 2106 1404 referente
2150 1343 2314 1403 luces

1287 1428 1537 1488 Reddidi
1581 1446 1818 1488 carmen
1861 1427 2068 1490 docilis
2109 1429 2413 1490 modorum

1458 1514 1625 1573 Vatis
1667 1512 1896 1572 Horati.

797 1663 984 1743 Quod
1036 1683 1294 1730 carmen
1350 1667 1405 1731 si
1460 1664 1528 1729 O.
1573 1667 1896 1733 Frankius
1954 1666 2152 1746 (Fast.
2195 1666 2348 1731 Hor.
2401 1686 2463 1749 p.
2511 1667 2681 1742 218.)
2739 1671 2803 1730 et
2859 1665 3131 1733 Orellius

799 1765 1096 1831 dixerunt
1137 1766 1337 1832 veluti
1380 1769 1777 1850 prooemium
1820 1768 2016 1835 fuisse
2059 1767 2403 1835 saecularis
2447 1767 2745 1833 carminis
2801 1790 2932 1834 non
2981 1769 3132 1834 satis
3180 1756 3201 1783 ⁹

796 1874 968 1934 recte
1012 1867 1329 1934 dixerunt.
1405 1870 1573 1934 Nam
1617 1872 1916 1937 cohaeret
1959 1870 2216 1954 quidem
2259 1890 2402 1935 cum
2432 1870 2766 1936 occasione
2793 1871 3135 1936 saecularis

797 1969 1129 2053 carminis,
1186 1977 1256 2036 at
1308 1992 1439 2037 non
1492 1979 1590 2038 est
1644 1974 1781 2039 eius
1836 1973 2250 2057 prooemium.
2343 1972 2481 2038 Hac
2535 1973 2708 2038 enim
2765 1971 2894 2037 oda
2947 1979 3136 2056 poeta

798 2092 1054 2137 carmen
1109 2074 1438 2139 saeculare
1493 2095 1645 2139 mox
1701 2095 1742 2140 a
1799 2076 2013 2159 pueris
2057 2074 2417 2160 puellisque
2457 2074 2712 2159 publice
2755 2072 3132 2156 canendum,

798 2174 1071 2257 primum
1114 2175 1585 2242 commendavit
1625 2178 1915 2262 Apollini
1956 2184 2057 2260 ut,
2118 2198 2311 2260 quum
2367 2182 2562 2241 antea
2600 2176 2742 2259 ipse
2784 2196 2854 2242 se
2896 2175 3137 2242 inflam-

797 2280 1066 2358 masset,
1141 2276 1334 2342 etiam
1392 2285 1617 2362 postea
1671 2280 1854 2363 quasi
1910 2299 2216 2364 praesens
2274 2277 2398 2345 sibi
2454 2277 2711 2344 adesset
2768 2285 2831 2344 et
2887 2278 3138 2344 adiutor

798 2376 939 2460 ipso
982 2377 1143 2444 festo
1191 2370 1295 2444 die
1340 2384 1424 2455 (v,
1475 2384 1756 2465 1—28.),
1818 2381 2054 2448 deinde
2110 2380 2325 2465 pueris
2380 2380 2740 2463 puellisque
2795 2379 3137 2445 inculcavit

802 2483 885 2557 (v.
948 2482 1243 2556 29—44.)
1318 2487 1386 2545 ut
1448 2503 1741 2566 munere,
1817 2483 1987 2567 quod
2044 2482 2393 2548 iniunctum
2452 2480 2546 2547 eis
2605 2488 2773 2565 erat,
2845 2488 3019 2548 recte
3075 2487 3135 2547 et

802 2579 1024 2647 ordine
1078 2580 1519 2666 fungerentur,
1578 2605 1771 2668 quum
1829 2591 2077 2669 tempus
2136 2583 2486 2650 advenerit.
2589 2583 2887 2650 Continet
2949 2583 3137 2667 igitur

801 2703 1024 2766 preces
1068 2691 1131 2749 et
1174 2684 1259 2749 ad
1302 2686 1669 2771 Apollinem
1715 2694 1779 2754 et
1819 2687 1905 2752 ad
1949 2688 2241 2770 chorum,
2300 2687 2439 2752 sine
2494 2707 2758 2770 quorum
2811 2706 2933 2769 ope
2975 2686 3133 2752 nibil

801 2784 924 2849 hac
968 2786 1227 2868 publica
1270 2788 1603 2855 occasione
1646 2809 1687 2853 a
1728 2809 1800 2855 se
1841 2789 2152 2872 praestari
2194 2809 2383 2872 posse
2414 2788 2535 2854 sibi
2564 2808 2940 2873 persuasum
2971 2793 3135 2872 erat3

803 2888 1163 2971 scriptaque
1219 2897 1316 2955 est
1371 2910 1449 2956 ac
1502 2891 1800 2974 privatim
1854 2890 2091 2955 tradita
2141 2889 2514 2956 exercendis
2555 2889 2770 2973 pueris
2813 2895 3007 2972 atque
3047 2889 3138 2954 in-

803 2989 1023 3073 primis
1064 2989 1419 3073 virginibus
1473 3012 1616 3058 eum
1671 2992 1739 3057 in
1792 2991 1982 3057 finem
2025 2992 2108 3057 ab
2152 2991 2414 3056 Horatio
2459 2990 3016 3072 chorodidascaIO,
3073 2996 3139 3055 ut

802 3091 1162 3157 subtimidis
1204 3094 1456 3159 animus
1497 3114 1573 3159 ac
1613 3093 1845 3160 fiducia
1887 3099 2223 3177 augeretur
2262 3092 2516 3175 publice
2543 3092 2906 3177 prodituris,
2952 3099 3140 3174 atque

801 3193 1130 3276 aliquanto
1185 3202 1333 3280 post
1388 3216 1578 3279 quam
1633 3197 1717 3261 ab
1772 3196 1912 3279 ipso
1957 3196 2241 3277 Augusto
2299 3193 2636 3277 probatum
2691 3200 2829 3260 erat
2884 3213 3142 3259 carmen

804 3296 1150 3362 saeculare.
1252 3296 1419 3361 Hinc
1470 3297 1583 3362 ille
1639 3297 1897 3381 spiritus
1955 3296 2062 3379 qui
2127 3315 2240 3379 per
2302 3301 2504 3360 totum
2567 3316 2824 3362 carmen
2888 3302 3139 3362 sextum

802 3396 951 3461 libri
1008 3396 1214 3480 quarti
1270 3397 1451 3480 quasi
1499 3406 1756 3481 regnat,
1814 3400 2079 3463 multum
2125 3396 2413 3461 diversus
2456 3417 2497 3461 a
2538 3396 2763 3461 timida
2805 3397 3139 3480 modestia,

941 3667 976 3730 ¹)
1011 3668 1145 3718 Mira
1180 3672 1271 3730 est,
1307 3683 1370 3718 ne
1404 3669 1568 3718 dicam
1604 3666 1838 3730 ridicula,
1875 3667 2054 3717 Orellii
2088 3667 2241 3717 huius
2275 3665 2377 3717 loci
2408 3667 2777 3732 interpretatio,
2815 3668 2905 3731 qui
2939 3685 3044 3718 non
3080 3668 3139 3718 de

806 3752 920 3817 ipsa
954 3753 1178 3803 citharae
1213 3752 1499 3818 pulsatione
1529 3754 1729 3818 pollicis
1764 3755 1904 3804 ictum
1938 3751 2164 3817 intelligi
2198 3751 2368 3813 iubet,
2423 3751 2510 3802 sed
2546 3751 2608 3802 de
2642 3751 2882 3802 carminis
2917 3768 3139 3817 numero,

808 3837 896 3902 qui
930 3837 1134 3902 pollicis
1169 3843 1309 3888 motu
1345 3838 1627 3901 indicetur,
1680 3836 1826 3902 quasi
1860 3836 1915 3887 id
1950 3837 2139 3902 pollice
2174 3837 2263 3887 fiat
2298 3852 2401 3887 non
2434 3836 2620 3887 indice.
2688 3837 2756 3885 At
2791 3853 2892 3886 non
2930 3836 3140 3887 dubium

807 3925 884 3971 est
931 3922 1155 3973 citharae
1198 3936 1378 3975 nervos
1425 3923 1607 3988 pollice
1656 3927 1818 3973 tactos
1853 3922 2019 3972 dicere
2053 3920 2272 3972 voluisse
2308 3921 2595 3972 Horatium.
2665 3921 2782 3972 vid.
2820 3922 2966 3974 ovid.
3003 3923 3141 3973 Fast.

807 4007 877 4070 II,
917 4008 1041 4058 109:

1399 4091 1642 4142 Reddidit
1676 4093 1774 4144 icta
1809 4108 1925 4142 suos
1955 4092 2136 4159 pollice
2170 4091 2359 4143 chorda
2392 4108 2555 4143 sonos.

808 4193 947 4243 Idem
968 4192 1173 4243 Metam.
1192 4191 1257 4256 X,
1279 4195 1402 4245 1452
1450 4194 1513 4246 Vt
1544 4195 1667 4245 satis
1701 4194 1937 4260 impulsas
1973 4197 2172 4246 tentavit
2199 4195 2380 4262 pollice
2415 4195 2638 4246 chordas.
2693 4196 2859 4245 Amor.
2886 4194 2957 4252 ΙΙ,
2982 4195 3032 4256 4,
3057 4194 3138 4244 27.

807 4277 952 4330 Haec
984 4279 1218 4345 querulae
1252 4280 1380 4347 ayili
1404 4280 1651 4345 percurrit
1674 4280 1858 4345 pollice
1891 4281 2118 4331 chordas.
2167 4281 2274 4331 Art.
2292 4281 2400 4328 Am.
2430 4280 2500 4340 11,
2525 4280 2639 4331 494.
2688 4278 2848 4329 Movit
2882 4280 3142 4329 inauratae

803 4363 983 4429 pollice
1017 4364 1114 4415 sila
1151 4365 1303 4433 lyrae.
1355 4362 1540 4413 Tibull.
1577 4363 1647 4424 11,
1684 4366 1731 4425 5,
1770 4365 1818 4415 3.
