3499 5219
1637 406 1773 413 -—
1865 373 1982 433 172
2071 405 2203 411 ----

755 539 1056 617 τοιοῦτός
1129 538 1269 606 ἐστι
1341 537 1450 605 καὶ
1525 533 1560 601 ὃ
1617 534 1968 623 Μαργίτης
2018 531 2333 622 Ὁμήρου·
2410 531 2484 601 οὗ
2543 536 2663 621 γὰρ
2722 540 3097 624 τεταγμένῳ

755 638 1026 727 ἀριθμῷ
1087 642 1265 707 ἐπῶν
1321 641 1399 705 τὸ
1446 640 1748 724 ἰαμβικὸν
1797 639 2203 725 ἐπιφέρεται.
2292 641 2477 705 Η11110
2521 649 2868 723 sequuntur
2908 643 3099 707 latini

752 746 1148 829 grammatici
1201 745 1335 810 fere
1393 764 1613 809 omnes
1668 745 1777 825 qui
1830 744 2091 808 tradunt
2146 743 2274 806 diei
2322 744 2390 808 in
2432 744 2703 826 Margite
2746 744 3096 811 Homerum

752 848 1156 912 hexametros
1198 846 1527 911 miscuisse
1570 866 1712 910 cum
1754 846 2043 910 iambicis
2087 846 2375 928 senariis,
2421 847 2600 910 nullo
2645 852 2861 911 tamen
2905 848 3096 913 huius

735 950 845 1015 'rei
889 949 1185 1031 exemplo
1229 968 1311 1013 ex
1353 948 1494 1030 ipso
1538 949 1819 1013 carmine
1862 949 2130 1031 prolato,
2177 968 2303 1012 uno
2347 948 2651 1031 scriptore
2695 956 2961 1031 excepto
3008 948 3096 1014 de

753 1071 877 1133 quo
921 1058 1146 1134 postea
1189 1050 1416 1114 dicam.
1502 1049 1846 1115 Praeterea
1888 1052 2151 1116 Tzetzes
2195 1052 2265 1114 in
2308 1049 2511 1115 Oram.
2558 1050 2802 1115 Anecd.
2848 1052 2990 1115 Par.
3034 1052 3089 1132 Ι,

753 1174 817 1236 p.
852 1157 950 1217 64.
1000 1150 1065 1214 ἐν
1111 1139 1163 1235 ᾧ
1196 1146 1556 1234 (Μαργίτῃ)
1601 1160 1743 1227 τοῖς
1790 1151 2016 1216 ἔπεσίν
2054 1177 2202 1215 τινα
2235 1149 2506 1235 ἰαμβικά
2535 1150 2855 1228 τελοῦσιν,
2897 1150 2908 1236 1
2946 1146 3083 1215 ἀλλ’

756 1247 833 1318 οὗ
876 1248 1021 1317 κατ’
1071 1253 1219 1318 ἰ’σον
1266 1247 1568 1336 σύστημ’,
1624 1245 1699 1315 οὗ
1743 1252 1911 1333 μετὰ
1954 1252 2309 1329 τοσούτους
2354 1259 2630 1334 στίχους,
2672 1251 2683 1337 l
2723 1247 2860 1316 ἀλλ’
2912 1253 3089 1319 ἔστιν

755 1344 833 1420 οὗ
888 1354 1052 1437 μετὰ
1107 1354 1287 1432 δέκα,
1351 1354 1527 1420 ἔστιν
1589 1343 1665 1418 οὗ
1720 1354 1888 1436 μετὰ
1944 1354 2159 1432 πέντε,
2201 1353 2212 1439 Ι
2250 1353 2358 1419 καὶ
2415 1354 2580 1436 μετὰ
2639 1355 2709 1433 ἓξ
2761 1356 2869 1420 καὶ
2918 1351 3081 1436 μεθ’

701 1463 704 1465 ’
756 1456 944 1535 ἑπτά,
994 1458 1175 1522 ἐπῶν
1216 1449 1362 1538 μετ’
1412 1452 1699 1539 ὂγὸοάδα
1717 1459 1779 1534 ¹).

922 1561 1157 1626 Verum
1229 1560 1297 1625 hi
1367 1558 1615 1624 numeri
1684 1580 1814 1623 non
1879 1558 2108 1625 decent
2162 1559 2492 1642 antiquum
2552 1560 2801 1643 epicum
2860 1579 3089 1642 poema

752 1664 942 1745 quale
1015 1670 1111 1729 est
1165 1662 1468 1743 Margites
1526 1680 1892 1743 quanquam
1948 1663 2210 1728 Homeri
2282 1668 2559 1728 aetat-em
2623 1682 2754 1725 non
2813 1662 3087 1743 attingit.

751 1765 1035 1831 Fuerunt
1076 1772 1292 1829 tamen
1336 1764 1444 1846 qui
1485 1770 1927 1845 compararent
1959 1765 2344 1829 homericam
2373 1764 2703 1829 Iresionen
2732 1764 2823 1828 sic
2853 1763 3087 1828 dictam

751 1874 835 1947 (v.
884 1886 1157 1948 sequens
1200 1885 1605 1949 programma
1653 1869 1962 1941 nostrum)
2021 1867 2088 1929 in
2146 1866 2322 1931 cuius
2377 1865 2501 1930 fine
2556 1872 2905 1947 sequuntur
2962 1864 3087 1929 duo

750 1970 988 2035 senarii
1041 1968 1329 2048 iambici,
1391 1989 1583 2054 quum
1638 1969 1848 2051 ipsum
1908 1988 2163 2033 carmen
2219 1969 2301 2032 sit
2341 1967 2596 2033 heroico
2640 1987 2904 2031 numero
2945 1986 3087 2031 con-

750 2072 1087 2153 scriptum;
1131 2075 1198 2133 at
1240 2069 1362 2133 hoc
1403 2070 1543 2152 ipso
1588 2071 1831 2151 ordine,
1877 2090 2001 2151 quo
2044 2091 2174 2134 non
2216 2070 2581 2134 inseruntur
2622 2069 2857 2150 singuli
2892 2070 3089 2133 iambi

749 2172 1019 2254 singulis
1061 2171 1467 2251 hexametriS‚
1522 2172 1638 2236 sed
1681 2179 1984 2252 tanquam
2029 2171 2353 2253 singulare
2394 2191 2650 2236 carmen
2693 2171 2875 2252 quasi
2920 2172 3089 2235 clau·

749 2274 893 2340 sula
949 2274 1469 2356 epigrammatica
1522 2272 1759 2338 adiecti
1802 2281 1977 2354 sunt,
2035 2273 2230 2356 plane
2275 2273 2679 2353 distinguitur
2720 2274 3009 2338 Iresione
3050 2293 3089 2336 a

750 2376 1043 2474 Margita.
1129 2376 1279 2456 Ipse
1322 2374 1715 2456 Hephaestio
1760 2395 1822 2457 p.
1870 2379 1969 2438 22.
2029 2394 2111 2440 ex
2167 2375 2378 2456 elegia
2423 2373 2656 2439 Critiae
2697 2375 2765 2438 in
2809 2375 3089 2440 Alcibia-

751 2477 898 2544 dem
940 2476 1062 2540 hoc
1106 2474 1468 2557 exemplum
1513 2477 1803 2557 protulit:

1136 2611 1265 2672 Καὶ
1311 2617 1416 2671 νῦν
1457 2612 1739 2672 Κλεινίου
1783 2607 1920 2671 υἱὸν
1950 2608 2286 2691 Ἀθηναῖον
2328 2606 2703 2692 στεφανώσω

1211 2692 1605 2775 Ἀλκιβιάδην
1648 2696 1868 2758 νέοισιν
1906 2693 2184 2774 ὑμνήσας
2223 2694 2490 2776 τρόποις,

1146 2778 1239 2843 Οὗ
1285 2780 1400 2862 γάρ
1444 2804 1574 2852 πως
1615 2770 1689 2859 ἦν
1731 2777 1984 2859 τοῦνομ’
2036 2781 2415 2885 ἐφαρμόζειν
2441 2782 2675 2887 ἐλεγείῳ

1219 2868 1359 2927 Νῦν
1403 2861 1465 2926 δ’
1512 2866 1574 2926 ἐν
1616 2867 1879 2950 ἰαμβείῳ
1921 2866 2176 2928 κείσεται
2223 2865 2335 2927 οὐκ
2378 2863 2675 2948 ἀιιέτρως.

750 3005 881 3071 Sed
922 3003 1150 3068 Critias
1192 3003 1332 3084 ipse
1377 3022 1566 3084 quum
1608 3002 1780 3067 dicat
1820 3002 1887 3066 in
1932 3022 2000 3067 rc
2044 3003 2259 3068 seria
2300 3003 2423 3067 hoc
2464 3024 2505 3067 a
2549 3023 2620 3069 se
2661 3002 2899 3068 factum
2945 3025 3085 3070 esse

750 3104 973 3181 νέοις
1043 3102 1403 3185 τρόποις
1473 3111 1623 3169 ante
1690 3124 1835 3169 eum
1893 3105 2023 3170 tale
2078 3104 2232 3186 quid
2288 3124 2511 3169 ausum
2566 3123 2708 3169 esse
2763 3107 3084 3171 neminem

747 3206 1058 3288 videmus,
1103 3225 1311 3288 neque
1355 3225 1655 3270 ausurum
1697 3205 1896 3271 fuisse
1921 3206 2130 3289 ipsum
2162 3205 2443 3288 Critiam,
2489 3206 2545 3272 si
2589 3226 2809 3272 omnes
2852 3209 3085 3273 scirent

747 3309 817 3373 in
870 3309 1214 3389 Margitae‚
1275 3306 1605 3371 ridiculi
1659 3307 1968 3388 hominis,
2033 3306 2458 3392 descriptione
2510 3309 2801 3373 similiter
2856 3308 3083 3374 lusisse

747 3410 1112 3475 Homerum.
1176 3407 1373 3472 Aliud
1414 3429 1565 3474 vero
1597 3409 1992 3492 epigramma
2021 3409 2192 3492 quod
2219 3431 2390 3475 nunc
2415 3410 2651 3493 legitur
2675 3411 2742 3474 in
2772 3411 3083 3476 Boeckhii

751 3510 819 3576 O.
865 3512 916 3575 Ι.
960 3511 1009 3591 Ι,
1056 3531 1119 3593 p.
1152 3512 1308 3573 912:

1116 3643 1298 3705 Θεΐον
1328 3641 1730 3725 Ἀλέξανδρον
1774 3642 1882 3707 τὸν
1924 3643 2252 3725 ομώνυμον
2294 3643 2472 3707 ἄλσει
2505 3645 2713 3730 μέσσῳ

1188 3726 1276 3790 ‘0
1316 3727 1618 3810 γνώοιμος
1657 3727 1731 3809 μ’
1780 3729 1992 3811 ἔστησε
2035 3729 2144 3793 τὸν
2187 3728 2558 3792 διδάσκαλον

746 3863 1115 3930 recentioris
1158 3872 1255 3930 est
1297 3866 1523 3931 aetatis
1567 3887 1756 3949 quam
1798 3876 1868 3931 ut
1911 3868 2014 3932 hic
2056 3868 2125 3931 in
2169 3887 2427 3932 censum
2470 3865 2692 3931 venire
2733 3867 2953 3948 possit.

917 3966 1344 4032 Nihilominus
1399 3975 1616 4032 tamen
1668 3968 1773 4033 Fr.
1817 3968 2300 4060 Lindemannus
2357 3968 2488 4043 (die
2541 3968 2714 4052 Lyra
2756 3967 2806 4049 Ι,
2865 3990 2927 4051 p.
2978 3972 3077 4033 83.

749 4069 824 4134 V.
872 4069 1064 4134 etiam
1109 4067 1394 4135 eiusdem
1437 4069 1638 4152 praef.
1682 4070 1769 4134 ad
1813 4071 2033 4153 Pomp.
2079 4091 2141 4153 p.
2187 4069 2329 4148 IX.)
2373 4071 2441 4134 in
2486 4069 2886 4134 Berolinensi
2930 4089 3080 4151 quo-

1874 4216 1911 4225 -ι-

882 4325 916 4388 ¹)
954 4322 1285 4374 Scribendum
1318 4323 1520 4374 videtur
1552 4316 1742 4371 κᾶπῶν
1777 4317 1901 4388 μετ’
1943 4319 2200 4388 ὀγδοάδα.
