3499 5219
1294 466 1426 472 —--
1515 419 1638 498 257
1728 465 1862 474 —-

400 602 597 668 fuisse
652 606 1009 684 appareret.
1096 600 1254 666 Mihi
1315 617 1447 666 non
1501 602 1594 666 ita
1648 600 1937 667 videtur..
2007 601 2322 686 Lysanias
2390 603 2560 669 enim
2625 602 2747 669 fuit

404 703 785 771 Callimachi
843 704 1203 786 popularis,
1262 721 1344 767 ex
1400 702 1628 768 eadem
1679 704 1838 769 urbe
1882 704 2130 788 Cyrene
2175 703 2478 770 oriundus
2533 712 2596 771 et
2609 754 2627 787 ,
2685 706 2745 770 si

401 827 534 873 non
578 804 946 887 discipulus,
991 812 1163 871 certe
1204 803 1464 871 amicus.
1552 805 1652 876 De
1708 825 1786 870 eo
1841 805 1933 870 ita
1987 805 2141 871 dicit
2184 805 2416 872 Suidas
2459 827 2519 872 v.
2560 800 2740 886 Ἐρα-

401 905 729 990 τοσθένης
756 898 1058 987 Ἀγλαοῦ,
1105 904 1170 974 οἱ
1215 904 1287 971 δὲ
1324 898 1727 989 Ἀμβροσίου
1762 911 2149 991 Κυρηναῖος,
2196 906 2501 993 μαθητὴς
2545 908 2741 990 φιλο-

404 1005 620 1093 σόφου
659 1000 1060 1088 Ἀρίστωνος
1102 1012 1309 1084 Χίου,
1356 1010 1806 1091 γραμματικοῦ
1853 1007 1929 1074 δὲ
1967 1012 2317 1074 Λυσανίου
2360 1010 2477 1072 τοῦ
2524 1014 2742 1092 Κυρη-

403 1116 592 1177 ναίου
649 1111 754 1175 καὶ
816 1107 1238 1190 Καλλιμάχου
1293 1111 1411 1174 τοῦ
1470 1112 1773 1194 ποιητοῦ.
1865 1109 1956 1176 Cf.
2015 1111 2098 1177 de
2151 1112 2272 1176 hoc
2326 1113 2741 1193 grammatico

404 1214 656 1279 Ionsius
701 1211 783 1277 de
827 1211 959 1277 Scr.
1002 1212 1149 1276 Hist
1204 1211 1444 1276 Philos.
1490 1212 1589 1293 II,
1650 1216 1707 1293 2,
1757 1218 1846 1294 5.,
1908 1213 1979 1277 F.
2025 1214 2101 1278 A.
2147 1213 2413 1279 Wolfius
2454 1215 2739 1297 prolegg.

404 1338 467 1398 p.
524 1318 689 1395 186„
744 1313 982 1395 Thrige
1025 1313 1244 1379 histor.
1290 1312 1520 1398 Cyren.
1566 1319 1624 1390 §-
1671 1318 1773 1382 93.
1859 1316 2058 1379 Maur.
2104 1314 2421 1380 Schmidt:
2479 1315 2743 1400 Didymi

404 1418 621 1484 Chalc.
665 1416 889 1498 fragm.
937 1436 1000 1498 p.
1049 1418 1191 1481 396.

577 1516 891 1583 Carminis
946 1516 1342 1583 occasionem
1398 1518 1770 1608 praebuisse
1825 1518 2077 1584 videtur
2132 1519 2303 1601 quod
2345 1519 2511 1584 inter
2554 1517 2745 1583 Calli-

403 1621 698 1686 machum
742 1619 1236 1702 Lysaniamque,
1283 1620 1433 1684 olim
1475 1619 1761 1685 amicitia
1786 1620 2174 1702 coniunctos,
2221 1620 2512 1685 simultas
2554 1640 2743 1702 quae-

405 1723 556 1789 dam
602 1728 826 1788 exorta
869 1726 1023 1801 erat,
1071 1740 1197 1802 qua
1238 1720 1506 1803 factum,
1553 1728 1622 1786 ut
1663 1741 1703 1785 a
1748 1721 2139 1788 Callimacho
2199 1721 2577 1788 descisceret
2619 1723 2744 1806 Ly-

403 1826 619 1892 sanias
663 1822 750 1888 ad
792 1823 955 1887 alios
998 1822 1213 1888 nescio
1257 1842 1444 1904 quos,
1504 1823 1620 1888 sed
1666 1822 2059 1889 Callimacho
2111 1824 2416 1889 inimicos.
2504 1824 2744 1889 Similis

405 1926 720 2011 quaedam
763 1924 1094 1988 inimicitia
1121 1924 1525 2006 postmodum
1552 1925 1719 1990 inter
1748 1924 2210 1991 Callimachum
2243 1933 2305 1991 et
2332 1926 2742 2009 Apollonium

403 2027 742 2106 Rhodium,
793 2025 943 2090 olim
986 2026 1242 2107 amicos,
1289 2027 1546 2107 exarsit,
1591 2046 1782 2109 quam
1817 2018 2090 2110 'uterque
2119 2033 2312 2110 poeta
2355 2027 2742 2093 carminibus

404 2128 786 2216 quibusdam
830 2127 1201 2192 declaravit.
1290 2129 1375 2193 Et
1427 2129 1590 2195 alios
1644 2130 1879 2194 multos
1919 2165 2001 2175 --
2048 2136 2145 2195 est
2204 2130 2374 2195 enim
2419 2149 2623 2212 genus
2666 2130 2776 2194 ir-·

401 2232 658 2297 ritabile
701 2216 940 2294 vatum'
960 2264 1047 2276 —-
1088 2228 1312 2294 habuit
1355 2231 1807 2296 obtrectatores
1852 2229 2310 2313 Callimachus,
2381 2230 2461 2296 de
2515 2232 2745 2314 quibus

405 2335 555 2400 vide
597 2331 958 2397 Naeckium
1003 2331 1082 2394 N.
1128 2332 1286 2397 Mus.
1332 2332 1537 2398 Rhen.
1597 2333 1646 2396 Ι.
1705 2354 1768 2415 p.
1818 2335 1959 2396 509.
2049 2332 2476 2398 Callimachus
2533 2322 2741 2426 igitur,

405 2437 514 2519 qui
554 2433 847 2516 vulgaria
903 2451 975 2497 se
1028 2439 1434 2501 contemnere
1494 2434 1709 2499 omnia
1764 2435 2221 2516 praeclaraque
2263 2441 2508 2498 tantum
2551 2440 2744 2516 atque

402 2537 684 2621 insignia
747 2534 1053 2617 gloriatur
1114 2535 1346 2600 sectari
1409 2535 1530 2600 hoc
1595 2535 2085 2620 epigrammate,
2149 2535 2474 2620 Lysaniae
2531 2536 2743 2618 etiam,

406 2640 648 2724 egregii
700 2639 863 2703 alias
905 2636 1029 2701 viri
1082 2636 1331 2718 sibique
1387 2644 1457 2701 ut
1511 2637 1880 2717 videbatur,
1949 2637 2331 2720 fidelissimi,
2398 2638 2744 2704 amicitiam

405 2742 720 2824 fidemque
765 2739 915 2804 dum
959 2743 1123 2803 tecte
1164 2737 1432 2803 laudare
1474 2739 1758 2821 videtur,
1805 2760 2041 2821 magna
2083 2740 2288 2804 ironia
2330 2761 2509 2821 usus,
2576 2740 2746 2805 hunc

407 2844 601 2909 etiam
644 2862 776 2906 non
819 2860 960 2906 esse
1003 2839 1336 2921 sincerum,
1384 2839 1500 2906 sed
1541 2840 1910 2905 habendum
1953 2841 2021 2904 in
2064 2842 2435 2923 vulgaribus
2477 2841 2745 2906 homini-

406 2946 526 3011 bus
570 2942 1032 3028 pronunciavit.
1120 2941 1292 3026 Illud
1335 2942 1524 3023 igitur
1578 2946 1753 3022 ναίχι
1809 2938 2036 3018 καλός,
2081 2946 2460 3017 Λυσανίας,
2527 2943 2631 3007 vel
2690 2929 2742 3004 ὦ

407 3049 741 3122 Λυσανία,
790 3048 964 3124 ναίχι
1007 3040 1206 3118 καλὸς
1252 3035 1310 3106 εἶ
1352 3063 1494 3107 cum
1539 3042 1768 3108 eodem
1798 3043 1935 3109 sale
1967 3042 2127 3107 dixit
2155 3063 2278 3125 quo
2308 3044 2744 3108 Theramenes

405 3149 475 3213 in
520 3147 779 3213 Critiam
823 3153 1196 3229 tyrannum,
1256 3145 1407 3208 olim
1450 3144 1724 3208 amicum
1769 3165 1983 3226 suum,
2053 3128 2244 3227 qua'm
2285 3164 2419 3208 rem
2464 3145 2746 3208 narravit

406 3249 777 3332 Xenophon
819 3247 981 3312 Hist.
1036 3266 1129 3327 gr.
1188 3246 1284 3327 II,
1345 3249 1416 3311 3:
1489 3248 1724 3330 Κριτίᾳ
1770 3239 1951 3309 τοῦτ’
2002 3245 2170 3310 ἔστω
2214 3247 2307 3328 τῷ
2352 3245 2745 3328 καλιῇηιιοό.

407 3350 630 3417 Cicero
686 3351 779 3415 ita
834 3347 1145 3414 convertit
1203 3349 1413 3425 (Tusc.
1471 3348 1651 3431 Disp.
1709 3349 1774 3429 I,
1833 3351 1958 3425 40.)
2035 3349 2319 3432 Propino
2363 3347 2480 3409 Ιιοο
2518 3348 2742 3431 pulcro

411 3452 664 3517 Cm’te‘ae.
739 3454 961 3532 -Atque
1004 3448 1294 3514 similiter
1338 3448 1766 3514 Callimachus
1810 3450 1980 3533 ipse,
2027 3449 2312 3531 paullum
2355 3449 2611 3514 inversa
2653 3467 2742 3530 re,

409 3555 572 3620 dixit
612 3554 742 3619 alio
787 3553 1245 3636 epigrammate
1290 3550 1535 3633 (fragm.
1581 3551 1788 3615 LXX.
1833 3542 2100 3622 Bentl.):

1821 3700 2006 3773 αὐτὸς
2048 3698 2079 3763 ὃ
2128 3701 2376 3778 Μῶμος

741 3783 1050 3870 ’Έγραφεν
1092 3786 1154 3848 ἓν
1195 3786 1443 3865 τοίχοις·
1490 3783 1522 3847 ὅ
1574 3784 1869 3868 Κρόνος
1914 3787 2076 3848 ἐστὶ
2121 3781 2380 3867 σοφός.

408 3959 609 4042 Igitur
638 3958 693 4023 si
722 3958 1040 4042 Lysanias
1071 3956 1436 4041 Cyrenaeus
1465 3962 1562 4021 est
1589 3956 1664 4037 is,
1696 3956 1781 4021 ad
1812 3976 1998 4038 quem
2028 3956 2303 4039 pertinet
2332 3955 2744 4038 epigramma,

406 4060 683 4126 concidit
743 4061 817 4124 T.
862 4058 1324 4124 Hemsterhusii
1382 4057 1689 4140 suspiciO,
1748 4078 1912 4140 quae
1957 4058 2215 4122 omnino
2258 4063 2433 4123 mota
2476 4075 2615 4122 esse
2657 4056 2749 4120 vi-

410 4162 595 4229 detur
636 4162 927 4227 versibus
970 4161 1209 4227 ultimis
1268 4160 1349 4225 de
1392 4159 1621 4242 quibus
1674 4165 1901 4241 postea
1955 4159 2302 4225 viderimus
2358 4158 2511 4240 quid
2538 4163 2747 4223 ‹statu-

409 4263 646 4331 endum
689 4263 789 4328 sit.
878 4261 1009 4328 Sed
1051 4268 1263 4327 cetera
1307 4261 1500 4327 etiam
1542 4281 1705 4342 quae
1745 4260 1964 4325 insunt
2003 4260 2071 4324 in
2113 4261 2254 4344 ipso
2298 4260 2577 4325 carmine
2620 4260 2748 4322 cla-

408 4375 589 4431 mant
642 4386 758 4448 pro
818 4363 1211 4428 Callimacho
1271 4369 1333 4428 et
1376 4383 1491 4445 pro
1535 4369 1746 4427 aetate
1789 4362 2248 4426 Alexandrina.
2337 4362 2431 4425 Ac
2474 4361 2751 4443 primum

514 4473 816 4514 Gou'r'rmu'o.
846 4472 1062 4523 opuscula.
2284 4464 2339 4512 17
