3499 5219
1268 458 1405 466 -—
1496 424 1614 486 177
1702 401 1847 465 —-'
1922 480 1947 496 ,

376 585 625 674 ὤσχην,
703 581 825 674 ἀφ’
906 576 983 652 οὗ
1053 589 1160 653 καὶ
1224 592 1367 664 τοῖς
1427 586 1692 669 μέλεσιν
1752 583 1790 673 ἢ
1852 587 2257 672 ἐπωνυμία),
2330 592 2446 675 τῆς
2505 590 2733 675 ἑορτῆς

373 691 813 776 καθηγοῦντο.
903 692 981 756 Ι11
1034 690 1136 756 1118
1190 691 1384 774 igitur
1424 691 1665 756 Bacchi
1724 693 1924 758 sacris
1967 693 2036 757 in
2080 713 2320 777 pompa
2361 695 2735 776 gestabatur

373 796 528 859 vitis
574 792 760 857 oscha
792 793 1007 875 -dicta,
1064 792 1136 857 in
1180 793 1380 859 sacris
1421 793 1743 876 Apollinis
1787 814 2002 859 ramus
2047 795 2289 877 olivae,
2348 795 2558 861 dictus
2611 799 2734 859 ire-

373 899 551 959 sione
565 898 629 972 ¹).
729 896 941 978 Atque
1006 890 1165 980 ὄοχη
1229 895 1488 978 quidem
1544 914 1710 977 quae
1766 895 2325 962 circumferebatur
2380 895 2736 962 derivanda

377 1006 479 1064 est
520 999 602 1063 ab
649 994 814 1078 ἔχειν
860 998 988 1077 (vel
1036 999 1236 1077 σχεῖν)
1284 1016 1426 1061 611111
1470 1016 1594 1077 quo
1638 998 1940 1063 cohaeret
1986 992 2149 1077 ὂχέω
2163 999 2209 1074 ²)
2226 1046 2243 1080 ,
2291 997 2733 1081 significatque

375 1120 626 1165 ramum
672 1099 780 1182 qui
824 1099 1121 1164 manibus
1164 1105 1447 1182 tenetur;
1507 1096 1885 1183 εἷρεσιώνης
1935 1118 2086 1164 vero
2132 1099 2470 1181 originatio
2515 1100 2733 1165 multis

374 1203 624 1267 incerta
678 1200 934 1266 videtur
990 1220 1151 1266 6886.
1248 1193 1536 1266 Fuerunt
1607 1201 1779 1265 enim
1851 1200 1958 1283 qui
2023 1201 2107 1265 ab
2168 1197 2322 1283 ἐρίῳ
2382 1203 2488 1265 vel
2550 1199 2731 1285 εἰρίῳ

379 1304 777 1383 derivarent,
838 1322 952 1367 seu
1013 1304 1199 1383 lana,
1260 1322 1387 1383 qua
1426 1301 1748 1384 implexus
1793 1309 1891 1367 est
1932 1321 2148 1366 ramus
2191 1301 2560 1387 oleaginus3
2617 1302 2733 1368 sed

376 1406 503 1470 hoc
546 1405 718 1468 omni
762 1403 1192 1487 etymologiae
1245 1404 1495 1468 ratione
1538 1410 1743 1488 caret3
1803 1410 2096 1487 apertum
2153 1410 2250 1469 est
2305 1404 2477 1468 enim
2535 1402 2734 1469 dedu-

380 1506 655 1573 cendum
702 1525 843 1571 esse
885 1505 1268 1596 vocabulum
1312 1506 1395 1570 ab
1444 1500 1712 1590 εἷρεσίᾳ,
1760 1505 2197 1587 remigatione,
2242 1497 2731 1590 111Ἀκρισιώνη

382 1608 709 1673 derivatur
751 1607 835 1671 ab
873 1599 1187 1691 Ἀκρισίῳ
1235 1607 1343 1685 (de
1384 1608 1531 1672 aliis
1576 1607 1865 1673 eiusdem
1906 1606 2116 1671 exitus
2146 1605 2480 1670 vocabulis
2522 1625 2583 1670 v.
2615 1606 2737 1671 Lo-

379 1711 550 1776 beck
607 1708 792 1773 Path.
848 1728 910 1791 p.
958 1711 1128 1784 229).
1227 1708 1592 1775 Verisimile
1663 1714 1763 1774 est
1833 1708 2004 1774 enim
2060 1706 2383 1772 Theseum
2453 1706 2521 1770 in
2591 1707 2734 1790 ipso

378 1812 675 1893 navigiO,
734 1830 856 1892 quo
914 1810 984 1874 in
1036 1810 1316 1874 Atticam
1372 1830 1665 1877 reversus
1722 1817 1852 1891 est,
1917 1829 2165 1874 ramum
2223 1807 2436 1872 olivae
2492 1806 2733 1872 additis

379 1914 670 1997 frugibus
735 1912 993 1976 ficorum
1057 1918 1122 1977 et
1169 1913 1366 1976 melle
1421 1913 1701 1995 vinoque
1756 1911 1825 1975 in
1881 1910 2161 1975 vasculis
2220 1908 2734 1991 dependentibus

385 2017 572 2096 (haec
617 2014 833 2078 omnia
870 2012 1248 2078 dicebantur
1279 2012 1579 2078 ὁιακόνια
1611 2018 1696 2092 (v.
1730 2012 1998 2090 Suidam
2028 2032 2078 2076 s.
2109 2031 2171 2075 v.
2203 2016 2269 2076 et
2296 2010 2732 2094 Hesychium),

381 2123 497 2183 aut
552 2108 880 2200 ἀκρόδρυα
938 2121 1048 2178 aut
1102 2112 1581 2197 κατάργματα),
1640 2115 1953 2196 erexisse,
2011 2114 2080 2177 in
2129 2112 2272 2176 1060
2316 2111 2734 2195 gubernaculi

381 2238 498 2285 seu
552 2217 789 2301 puppis
843 2224 1151 2297 tanquam
1194 2217 1447 2298 signum
1490 2217 1797 2282 victoriae
1840 2216 1923 2281 de
1965 2213 2323 2279 Minotauro
2366 2221 2732 2297 reportatae

382 2326 448 2386 et
489 2318 835 2385 fertilitatis
879 2338 1051 2382 nunc
1083 2316 1365 2401 tandem,
1412 2325 1560 2402 post
1587 2319 1830 2383 obitum
1862 2319 2016 2399 eius,
2060 2316 2130 2380 in
2157 2315 2437 2380 Atticam
2467 2312 2735 2382 redeun-

379 2423 485 2488 tis.
574 2421 777 2500 Quem
829 2440 1104 2492 ramum,
1135 2439 1327 2501 quum
1380 2419 1624 2487 reversi
1677 2419 1746 2483 in
1803 2438 2043 2502 pompa
2098 2423 2514 2499 quassassent
2566 2417 2731 2482 ultro

384 2524 668 2604 citroque
725 2520 1072 2601 movendo,
1146 2527 1374 2604 postea
1441 2522 1512 2586 in
1570 2522 1810 2586 sacello
1866 2519 2191 2603 Apollinis
2244 2519 2502 2602 publice
2558 2518 2734 2584 dedi-

384 2631 609 2693 carunt
655 2624 969 2702 (Eustath.
1015 2625 1093 2687 Il.
1140 2624 1359 2706 XXII,
1406 2627 1551 2689 495.
1630 2624 1865 2689 Suidas
1907 2643 1969 2687 V.
2014 2618 2425 2702 Εἷρεσιώνη).

555 2723 1211 2790 Animadvertendum
1254 2731 1354 2790 est
1394 2732 1609 2791 autem
1651 2714 1785 2790 11011
1827 2726 2034 2790 solum
2076 2744 2322 2788 ramum
2368 2723 2732 2805 oleaginum

387 2827 623 2893 dictum
682 2846 825 2891 esse
880 2826 1221 2891 iresionem
1279 2826 1395 2893 sed
1451 2846 1707 2893 carmen
1768 2827 1962 2893 etiam
2020 2825 2192 2908 quod
2250 2825 2598 2889 canebatur
2671 2831 2735 2891 et

382 2931 592 3013 ipsum
651 2929 912 2993 chorum
968 2929 1290 2992 iuvenum.
1394 2930 1562 2993 Nam
1633 2928 1690 2993 si
1760 2926 1925 2993 forte
1989 2927 2129 3009 quis
2188 2925 2487 2991 dixisset:
2564 2927 2732 2992 Ecce

384 3032 564 3097 venit
604 3030 901 3112 iresiona,
952 3048 1141 3095 nemo
1184 3030 1307 3094 hoc
1352 3029 1433 3095 de
1474 3050 1653 3094 ramo
1694 3028 2121 3094 intellexisset
2165 3028 2322 3109 s010,
2378 3026 2494 3093 sed
2538 3028 2732 3093 etiam

386 3132 470 3198 de
515 3132 706 3197 choro
753 3131 860 3214 qui
903 3151 1048 3197 eum
1091 3131 1494 3214 sequebatur.
1581 3131 1723 3195 Iam
1780 3131 1836 3196 si
1888 3130 2099 3213 ipsum
2155 3135 2415 3194 carmen
2457 3129 2550 3194 ita
2590 3150 2732 3213 pro-

383 3234 583 3301 fertur
626 3254 667 3297 a
709 3233 1084 3297 Plutarcho:

719 3345 1056 3431 Εἰρεσιώνη
1102 3355 1262 3411 σῦκα
1303 3346 1472 3455 φέρει
1517 3349 1618 3409 καὶ
1662 3350 1879 3422 πίονας
1922 3345 2148 3430 ἄρτους

720 3435 850 3496 Καὶ
892 3434 1028 3514 μέλι
1073 3435 1134 3496 ἓν
1177 3437 1403 3518 κοτυλῃ
1450 3437 1544 3494 καὶ
1593 3433 1797 3496 ἔλαιον
1841 3430 2316 3515 ἀναψήσασθαι,

721 3519 850 3581 Καὶ
895 3515 1094 3580 κύλικ’
1143 3515 1405 3602 εὔζωρον
1449 3516 1532 3591 ὥς
1575 3518 1652 3579 ἂν
1693 3515 2014 3598 μεὸύουσα
2059 3517 2360 3601 καθεύδῃ,

388 3641 545 3706 satis
600 3639 978 3722 intelligitur
1032 3633 1121 3714 ὥς
1177 3630 1255 3704 ἂν
1298 3635 1646 3719 μεθύουσα
1689 3637 1980 3723 καθεύδῃ
2027 3638 2349 3722 pertinere
2391 3634 2479 3699 ad
2520 3635 2727 3720 ipsam

386 3738 739 3824 Iresionen,
785 3743 826 3806 i.
874 3762 929 3807 e.
973 3761 1278 3825 pompam
1320 3760 1434 3806 seu
1478 3740 1738 3805 chorum
1782 3741 2092 3823 remigum
2135 3736 2392 3820 Thesei,
2439 3737 2547 3819 qui
2587 3744 2733 3822 post

525 3944 561 4003 ¹)
597 3944 784 3994 Tamen
822 3942 977 3993 schol.
1014 3942 1273 4007 Aristoph.
1309 3942 1442 3993 Plut.
1481 3944 1624 3994 1055.
1665 3938 1946 4010 εἰρεσιώνη
1983 3937 2180 3996 θαλλὸς
2214 3936 2395 3995 ἐλαίας
2429 3934 2460 4001 ἢ
2497 3935 2729 4007 δάφνης.

385 4029 609 4080 Videtur
652 4029 748 4078 hoc
796 4029 859 4078 ad
895 4028 1320 4093 Daphnephorica
1367 4027 1639 4092 pertinere.
1778 4027 1813 4089 2)
1854 4026 2281 4082 Quemadmodum
2315 4026 2371 4075 in
2408 4014 2732 4088 compositio·

389 4112 544 4164 nibus
580 4114 641 4164 ab
669 4109 775 4181 ἔχω
801 4113 991 4163 factum
1018 4117 1093 4162 est
1119 4102 1239 4180 ὅχή,
1279 4112 1355 4162 116
1377 4112 1462 4162 1116
1487 4111 1791 4176 simpliciter
1816 4105 1966 4178 ὅσχη.
2019 4110 2185 4166 Quare
2214 4105 2542 4178 ὄσχοφορίαξ
2554 4103 2733 4161 melius

390 4198 766 4264 pronunciatur
801 4213 949 4262 quam
986 4190 1174 4263 ὥσχοᾳ
1187 4194 1326 4264 ορία.
1399 4197 1699 4262 Quanquam
1745 4196 2132 4262 productionem
2168 4194 2358 4246 vocalis
2392 4195 2546 4246 habes
2581 4197 2734 4245 etiam

391 4287 450 4333 in
500 4279 789 4349 κατακωχή
837 4281 973 4346 quod
1020 4297 1175 4345 quum
1223 4281 1289 4331 ad
1335 4281 1556 4332 radicem
1592 4297 1652 4349 εχ
1685 4282 1942 4348 pertineat
1974 4295 2004 4328 κ
2040 4295 2101 4329 ex
2133 4281 2358 4344 aspirata
2389 4281 2558 4331 radice
2593 4273 2730 4339 (ἔξω)

391 4368 608 4418 retraxit
641 4372 700 4417 ut
734 4367 923 4416 factum
959 4369 1036 4416 est
1067 4366 1124 4414 in
1158 4364 1512 4433 καρπαλίμως
1547 4363 1792 4413 vocabulo
1827 4366 1878 4414 et
1910 4362 2179 4417 similibus.

499 4459 796 4507 Gom-rmus,
826 4458 1041 4509 opuscula.
2268 4450 2327 4500 12
