3499 5219
1262 432 1826 491 -175—

1028 714 1146 778 DE
1189 713 1521 781 HoMERI
1564 670 2051 792 1REs10NA1).

538 902 736 968 Vetus
805 902 976 967 fama
1047 907 1184 972 erat
1238 902 1664 967 Athenienses
1722 909 1981 986 propter
2033 902 2304 967 insidias
2359 902 2704 984 Androgeo

358 1005 602 1069 Minois
675 1004 804 1069 filio
877 1011 1148 1070 structas
1220 1003 1527 1069 divinitus
1599 1004 1769 1070 fame
1841 997 2140 1089 (ἀφορίᾳ)
2212 1004 2707 1087 pestilentiaque

363 1103 592 1190 (νόσῳ)
649 1105 1037 1171 conflictatos
1095 1112 1392 1188 certoque
1444 1107 1746 1171 iuvenum
1801 1106 2246 1188 virginumque
2308 1126 2569 1171 numero
2636 1107 2704 1171 in

362 1207 622 1274 Cretam
665 1228 835 1272 nono
879 1227 1129 1290 quoque
1171 1228 1343 1272 anno
1386 1208 1839 1273 mittendorum
1882 1208 2238 1272 Minotauro
2285 1209 2472 1280 (Plut.
2510 1208 2703 1272 Thes.

367 1316 496 1384 15.)
540 1330 582 1374 a
624 1310 837 1375 Minoe
879 1309 1182 1373 multatos
1225 1309 1438 1390 fuisse,
1496 1330 1538 1374 a
1582 1329 1708 1392 qua
1751 1329 1962 1393 poena
2009 1307 2246 1390 duplici
2290 1329 2400 1385 eos
2443 1309 2704 1374 tandem

357 1412 665 1477 liberavit
707 1411 1015 1476 Theseus.
1104 1410 1227 1489 Qui
1281 1417 1622 1494 antequam
1679 1431 1912 1476 navem
1957 1430 2097 1475 cum
2141 1411 2367 1476 ceteris
2409 1431 2707 1476 conscen-

363 1513 548 1578 deret
589 1513 657 1577 in
702 1511 952 1578 Cretam
1008 1512 1385 1578 mittendam
1438 1514 1506 1577 in
1563 1519 1747 1596 portu
1790 1512 2125 1577 Phalerico
2168 1512 2441 1594 primum
2483 1532 2706 1595 preces

362 1615 689 1697 supplices
722 1612 1089 1695 (ἱκετηρίαν,
1136 1601 1213 1694 ἦν
1262 1615 1332 1678 δὲ
1375 1612 1613 1690 κλάδος
1655 1615 1774 1700 τῆς
1822 1612 1999 1694 ἱερᾶς
2045 1610 2268 1688 ἐλαίας
2314 1611 2466 1697 ἐρίῳ
2500 1614 2701 1693 λευκῷ

359 1713 901 1796 κατεστεμμένος)
943 1716 1011 1781 in
1041 1717 1388 1799 Delphinio
1420 1715 1506 1780 ad
1535 1717 1903 1799 Apollinem
1934 1715 2182 1796 direxit,
2227 1715 2426 1797 pestis
2457 1708 2701 1792 (νόσου)

360 1837 804 1900 averruncum,
853 1817 1088 1883 deinde
1130 1820 1197 1883 in
1238 1819 1380 1902 ipso
1425 1819 1635 1884 littore
1668 1817 1861 1882 maris
1893 1805 2031 1896 (ἐπὶ
2061 1813 2437 1891 θάλασσαν)
2470 1816 2704 1881 Veneri

361 1920 738 2003 Epitragiae
803 1919 1110 1985 sacrificia
1172 1920 1322 1986 fecit
1376 1920 1563 1998 (Plut.
1621 1920 1816 1985 Thes.
1880 1920 2002 1991 18.)
2020 1966 2035 2000 ,
2107 1917 2448 1983 fertilitatis
2521 1917 2702 1984 deae.

359 2020 591 2086 Paullo
664 2027 809 2105 post
878 2041 1031 2086 vero
1104 2041 1296 2103 quum
1351 2021 1707 2087 Minotauro
1764 2020 1970 2086 occiso
2028 2039 2169 2084 cum
2225 2020 2355 2085 suis
2411 2040 2703 2087 reversus

362 2130 536 2189 esset
588 2122 888 2204 feliciter,
962 2124 1030 2187 in
1103 2123 1328 2189 eodem
1384 2124 1658 2188 Phalero
1713 2130 1865 2187 vota
1920 2122 2171 2187 solvere
2228 2122 2550 2187 constituit
2603 2122 2704 2187 his

357 2224 521 2307 ipsis
578 2223 730 2305 diis,
790 2225 832 2288 i.
879 2244 934 2289 e.
980 2223 1215 2291 Veneri
1273 2232 1336 2291 et
1389 2225 1755 2309 Ap·ollini²).
1856 2225 2026 2288 Dum
2073 2221 2338 2289 Veneris
2393 2223 2702 2288 sacrificia

358 2333 707 2409 praeparat
778 2326 1260 2392 caduceatorem
1323 2326 1496 2391 misit
1553 2326 1620 2390 in
1674 2326 1898 2392 urbem
1955 2325 2061 2408 qui
2117 2323 2463 2390 adventum
2520 2314 2700 2390 suum

359 2427 653 2493 Athenas
696 2428 1045 2493 nunciaret.
1132 2430 1197 2493 Is
1243 2428 1323 2492 ob
1365 2428 1568 2511 Aegei
1608 2435 1876 2494 mortem
1918 2428 2212 2509 lugentes
2254 2427 2490 2509 reperit
2531 2426 2703 2493 cives

358 2529 692 2611 noluitque
748 2536 1087 2613 propterea
1139 2528 1279 2613 ipse
1333 2530 1623 2614 accipere
1673 2550 1940 2595 coronas
1984 2529 2107 2593 sibi
2151 2529 2401 2594 oblatas
2445 2535 2703 2612 propter

349 2630 602 2712 ⁴laetum
649 2651 834 2712 quem
879 2632 1180 2696 attulerat
1220 2632 1540 2713 nuncium,
1587 2631 1703 2697 sed
1747 2631 2093 2696 caduceum
2137 2632 2387 2716 coronis
2432 2632 2700 2696 ornavit.

359 2732 629 2797 Peracto
675 2755 715 2797 a
747 2735 999 2797 Theseo
1031 2733 1301 2798 Veneris
1344 2732 1648 2798 sacrificio
1692 2733 2053 2815 nuncioque
2096 2734 2258 2798 tristi
2301 2754 2342 2798 a
2382 2753 2702 2817 praecone

362 2835 654 2916 exposito
713 2834 865 2916 quid
919 2834 1153 2900 factum
1210 2834 1292 2899 sit
1343 2834 1435 2898 ita
1489 2834 1825 2917 descripsit
1866 2821 2243 2905 Plutarchus
2289 2836 2504 2914 (Thes.
2552 2838 2698 2914 22),

362 2936 472 3016 qui
512 2937 689 3001 locus
734 2943 831 3002 est
871 2936 940 3001 in
969 2936 1091 3000 hac
1119 2955 1189 3001 re
1217 2937 1411 3018 longe
1440 2935 1944 3020 copiosissimus:
1990 2933 2056 2999 οἱ
2099 2935 2171 3001 δὲ
2216 2933 2331 2999 σὺν
2376 2936 2698 3020 κλαυθμῷ

363 3038 469 3098 καὶ
517 3035 787 3121 θορύβῳ
835 3035 1231 3113 σπεύδοντες
1276 3032 1617 3118 ἀνέβαινον
1664 3034 1730 3112 ἐς
1772 3034 1887 3122 τὴν
1933 3033 2150 3102 πόλιν.
2228 3031 2389 3102 ὅθεν
2435 3039 2538 3101 καὶ
2587 3039 2700 3102 νῦν

365 3135 432 3202 ἐν
476 3143 617 3214 τοῖς
663 3132 1106 3222 ὠσχοφορίοις
1150 3139 1654 3222 στεφανοῖσθαι
1696 3137 1817 3219 μὲν
1864 3129 1939 3200 οὗ
1984 3135 2098 3202 τὸν
2127 3136 2367 3220 κήρυκα
2399 3137 2700 3222 λέγουσιν

366 3232 533 3304 ἀλλὰ
575 3237 652 3303 τὸ
697 3237 1061 3326 κηρύκειον,
1125 3237 1491 3325 ἐπιφωνεῖν
1544 3238 1614 3303 δὲ
1671 3243 1821 3316 ταῖς
1879 3239 2204 3315 σπονδαῖς
2262 3239 2508 3317 ἐλελεῦ,
2573 3239 2698 3320 ἰοῦ,

367 3342 500 3418 ἰοῦ,
576 3339 729 3418 τούς
801 3340 1164 3422 παρόντας,
1244 3327 1334 3406 ὧν
1399 3337 1475 3404 τὸ
1534 3341 1652 3422 μὲν
1710 3338 2105 3417 σπεύδοντες
2163 3335 2533 3426 ἀναφωνεῖν
2590 3341 2699 3407 καὶ

363 3441 834 3521 παιωνίζοντες
893 3440 1180 3508 εἰώθασι
1195 3493 1212 3521 ,
1286 3440 1362 3506 τὸ
1438 3443 1507 3508 δὲ
1582 3441 1949 3526 ἐκπλήξεως
2013 3444 2120 3507 καὶ
2187 3446 2469 3529 ταραχῆς
2534 3443 2695 3510 ἐστι·

362 3543 603 3623 θάψας
661 3545 731 3610 δὲ
786 3543 899 3610 τὸν
959 3543 1218 3628 πατέρα
1272 3546 1365 3629 τῷ
1404 3537 1784 3609 Ἀπόλλωνι
1841 3542 1954 3630 τὴν
2016 3538 2199 3629 εὐχὴν
2253 3540 2574 3611 ἀπεδίδου
2619 3548 2697 3634 τῇ

364 3644 608 3730 ἑβδόμῃ
640 3647 758 3710 τοῦ
789 3649 1274 3730 Πυανεψιῶνος
1302 3645 1505 3729 μηνὸς
1538 3644 1919 3726 ἱσταμένου
1926 3644 2164 3766 “vairp
2208 3668 2330 3730 γαρ
2375 3640 2698 3733 ἀνέβησαν

361 3746 458 3823 εἷς
504 3744 666 3811 α’στυ
714 3752 1062 3826 σωθέντες.
1136 3744 1217 3812 Ἡ
1258 3747 1376 3829 μὲν
1423 3771 1535 3812 ουν
1583 3747 1822 3832 ε’ψησις
1865 3748 1995 3812 τῶν
2043 3741 2341 3832 ὀσπρίων
2355 3750 2399 3826 ³)
2444 3750 2700 3835 λέγεται

357 3847 680 3933 γενέσθαι
751 3848 864 3914 διὰ
933 3848 1010 3914 τὸ
1086 3853 1427 3926 σωθέντας
1500 3842 1738 3926 αὐτοὺς
1811 3848 1903 3926 εἰς
1974 3845 2172 3914 ταύτὸ
2242 3852 2560 3933 συμμῖξαι
2615 3851 2700 3918 τὰ

498 4122 533 4185 ¹)
569 4122 644 4171 De
665 4115 968 4189 Εἱρεσιαίνῃ
1005 4122 1060 4170 in
1097 4120 1287 4171 numisi
1312 4120 1698 4171 Atheniensium
1733 4137 1781 4172 v,
1803 4118 1985 4170 Beulez
2021 4118 2095 4170 les
2129 4121 2391 4172 monnoies
2428 4121 2699 4173 d’Athenes

357 4223 412 4271 p.
436 4208 550 4259 368.
690 4208 730 4270 ²)
769 4207 853 4256 sed
890 4208 1032 4270 prius
1057 4205 1269 4255 Veneri:
1306 4204 1538 4272 Apollini
1572 4205 1822 4269 extemplo
1858 4204 2137 4258 sacrificare
2173 4220 2273 4255 non
2309 4206 2458 4256 licuit
2491 4211 2700 4271 propter

360 4307 593 4353 causam,
643 4307 766 4355 quae
803 4291 975 4356 paullo
1011 4295 1127 4356 post
1161 4289 1465 4341 narrabitur.
1605 4289 1641 4353 ²)
1681 4289 1757 4341 Cf.
1792 4290 2012 4357 Hesych.
2052 4285 2260 4346 Πόλτυς·
2292 4285 2354 4341 τὸ
2389 4289 2700 4357 πυανέψιον

359 4372 565 4444 ἕψημα.
