3499 5219
1332 419 1469 428 —-
1555 387 1678 447 335
1768 418 1903 424 w—

441 550 677 616 verbis.
779 551 993 617 Verba
1047 558 1263 618 autem
1317 551 1506 617 huius
1566 551 1955 617 scholiastae
2010 571 2179 633 quae
2235 551 2514 618 diductis
2567 553 2799 619 litteris

447 653 736 734 expressi
769 654 1104 719 Dorbaeus
1147 653 1605 718 emendaverat
1649 651 1857 718 ἐκεῖνο
1902 653 2039 716 πᾶν
2086 640 2164 715 οὗ
2208 651 2796 736 περιλαμβάνεται,

445 752 658 818 minus
713 760 905 820 recte.
1005 756 1172 821 Nam
1230 755 1388 820 satis
1445 762 1687 820 certum
1742 761 1841 820 est
1898 774 2042 819 eum
2101 754 2348 823 collem,
2392 755 2501 836 qui
2542 775 2714 820 nunc
2756 776 2799 820 a

443 856 863 938 topographis
916 857 1314 943 Athenarum
1383 856 1652 922 noviciis
1708 854 2151 939 Nympharum
2210 855 2387 917 collis
2457 875 2797 940 perperam
2833 875 2836 879 ’

447 953 680 1020 dicitur
723 963 983 1041 propter
1022 958 1504 1041 inscriptionem
1548 957 1872 1040 quandam
1918 977 2084 1039 quae
2132 957 2499 1022 etiamnunc
2551 957 2797 1023 inveni-

441 1065 546 1123 tur
589 1057 659 1122 in
701 1078 892 1142 rupe,
954 1058 1152 1125 fuisse
1194 1057 1509 1124 Κολωνὸν
1555 1054 1890 1142 ἀγοραῖον,
1915 1064 2002 1138 (V.
2049 1058 2497 1124 Commentatt.
2542 1067 2794 1124 nostras

446 1160 594 1225 coll.
656 1160 707 1224 Ι.
771 1180 835 1243 p.
897 1165 998 1227 81.
1058 1163 1220 1244 89.),
1296 1162 1404 1245 qui
1460 1161 1768 1227 vallicula
1822 1168 2159 1243 separatur
2212 1181 2254 1225 a
2307 1161 2473 1226 colle
2528 1160 2797 1244 Pnycis3

449 1281 646 1345 quare
700 1261 930 1327 melius
988 1262 1106 1326 erit
1161 1264 1469 1329 seribere:
1545 1261 1752 1327 ἐκεῖνο
1813 1259 2039 1325 ἐπάνω
2097 1248 2152 1345 ᾧ
2205 1259 2797 1344 παραλαμβάνεται
2886 1336 2896 1344 .

446 1364 553 1428 καὶ
589 1357 623 1447 ἦ
657 1360 845 1441 Πνὺξ
872 1363 1184 1440 Κολωνος
1215 1368 1324 1443 (30.
1359 1358 1394 1428 ὅ
1428 1360 1765 1447 ἀγοραῖος)
1800 1362 1995 1441 ἐστιν,
2045 1349 2125 1427 οὗ
2170 1360 2402 1445 ἕτερος.
2434 1357 2470 1425 ὅ
2514 1369 2795 1444 μίσθιος

450 1462 815 1548 λεγόμενος.
905 1465 1121 1530 Verba
1176 1454 1229 1547 ᾦ
1288 1463 1881 1547 παραλαμβάνεται
1935 1465 2043 1528 καὶ
2088 1458 2126 1549 ἦ
2175 1461 2363 1542 Πνύξ
2403 1464 2794 1547 significant:

449 1568 560 1650 qui
614 1567 787 1629 locus
824 1565 1139 1651 finitimus
1193 1577 1288 1629 est
1340 1568 1573 1648 Pnycz‘,
1632 1568 1738 1632 vel
1784 1568 1993 1651 Pnyez’
2044 1567 2368 1648 contz'quus
2424 1572 2539 1632 est.
2626 1568 2797 1632 Meto

447 1669 641 1750 igitur
695 1669 1003 1733 archonte
1058 1668 1363 1751 Apseude
1421 1667 1520 1734 Ol.
1580 1673 1680 1750 86,
1740 1674 1800 1750 4,
1861 1690 1920 1733 a.
1981 1667 2095 1733 Oh.
2140 1672 2284 1733 432.
2346 1669 2797 1751 heliotropium

451 1756 633 1834 suum
687 1772 918 1853 posuit.
1009 1769 1086 1833 V.
1147 1769 1395 1836 Corsini
1450 1772 1625 1835 Fast.
1683 1777 1796 1835 att.
1855 1773 1930 1834 T.
1977 1771 2096 1834 ΙΙΙ.
2155 1791 2219 1853 p.
2267 1774 2412 1835 426.
2510 1771 2798 1835 Boeckh.

452 1872 521 1936 C.
567 1874 618 1937 Ι.
665 1874 716 1954 Ι,
753 1893 826 1955 p.
862 1876 1002 1936 112.
1078 1871 1198 1936 Hic
1241 1872 1383 1955 ipse
1426 1893 1634 1937 annus
1679 1871 2131 1937 celeberrimus
2174 1872 2289 1936 ille
2333 1879 2431 1937 est
2474 1892 2596 1955 quo
2627 1874 2796 1938 Meto

449 1976 594 2038 cuni
623 1976 1017 2039 Euctemone
1060 1973 1398 2038 solstitium
1442 1975 1758 2039 aestivum
1803 1973 2242 2056 exploravisse
2271 1974 2543 2040 Athenis
2575 1974 2805 2039 dicitur

453 2074 812 2158 secundum,
858 2075 1297 2140 Ptolemaeum
1354 2076 1631 2157 (Almag.
1689 2075 1819 2155 ΙΙΙ,
1888 2077 1972 2151 2.)
2046 2082 2110 2141 01
2182 2075 2803 2140 enneadecaeterida

450 2197 631 2242 suam
674 2176 1003 2241 inchoavit
1045 2176 1396 2242 secundum
1439 2175 1792 2241 Diodorum
1823 2176 1947 2241 Sic.
1995 2176 2171 2258 (XII,
2219 2180 2320 2242 36.
2328 2190 2346 2251 )
2422 2175 2516 2241 Of.
2548 2178 2798 2242 Petavii

453 2280 634 2343 Varr,
681 2279 851 2344 Diss.
884 2278 1028 2360 VII,
1077 2282 1134 2344 8.
1182 2284 1246 2344 et
1289 2278 1611 2343 Idelerum
1656 2277 1957 2343 Chronol.
2002 2279 2055 2342 Ι.
2100 2299 2162 2361 p.
2195 2281 2318 2343 325
2363 2287 2456 2360 sq.
2524 2279 2801 2344 Metonis

451 2388 664 2445 autem
723 2379 885 2444 illud
941 2379 1274 2445 artificium
1332 2400 1524 2461 quum
1580 2385 1830 2445 constet
1870 2386 2002 2444 tam
2047 2379 2351 2444 solarium
2394 2398 2508 2445 seu
2550 2380 2800 2445 horolo-

450 2482 624 2564 gium
667 2481 883 2563 fuisse,
940 2482 994 2546 si
1036 2482 1128 2545 ita
1173 2481 1384 2547 dicere
1426 2482 1595 2562 licet,
1656 2501 1848 2562 quam
1890 2481 2359 2564 heliotropium,
2407 2483 2489 2548 de
2514 2489 2799 2565 -utroque

450 2604 569 2649 usu
612 2583 823 2649 dicam
867 2602 1171 2666 seorsum,
1218 2591 1556 2667 postquam
1588 2583 1863 2666 (101000,
1910 2603 2033 2666 quo
2064 2584 2341 2668 positum
2371 2583 2507 2666 fuit,
2555 2584 2797 2650 dixerO.

449 2687 545 2749 Ac
589 2686 861 2768 primum
906 2684 1163 2766 quidem
1205 2687 1400 2767 longe
1441 2686 1890 2767 gravissimum
1935 2692 2031 2750 est
2058 2684 2221 2749 illud
2253 2684 2423 2767 quod
2450 2686 2801 2751 scholiasta

450 2787 902 2869 Aristophanis
937 2805 1018 2852 ex
1048 2785 1426 2851 Philochoro
1472 2787 1554 2852 de
1597 2807 1673 2851 eo
1716 2788 1858 2851 loco
1902 2786 2186 2870 prodidit
2228 2806 2352 2867 quo
2388 2789 2798 2852 constitutum

453 2895 568 2955 est.
642 2887 815 2951 Dicit
857 2887 1028 2953 enim
1071 2888 1392 2952 Metonem
1435 2887 1887 2970 heliotropium
1930 2907 2113 2953 suum
2155 2888 2449 2970 posuisse
2490 2886 2662 2969 πρὸς
2704 2891 2797 2972 τῷ

452 2996 650 3069 τείχει
695 2990 787 3071 τῷ
836 2986 901 3052 ἐν
947 2989 1025 3074 τῇ
1056 2993 1287 3065 Πυκνί,
1337 2989 1508 3072 quod
1549 2988 1714 3053 nihil
1758 2989 1939 3054 aliud
1980 2987 2340 3071 significare
2368 2997 2579 3073 potest
2607 3010 2798 3072 quam

454 3091 745 3175 posuisse
788 3090 875 3155 ad
917 3091 1128 3174 ipsum
1159 3111 1407 3155 murum
1437 3091 1690 3174 Pnycis.
1762 3092 1906 3155 Duo
1937 3096 2151 3155 autem
2183 3111 2375 3173 quum
2405 3091 2534 3155 sint
2562 3092 2799 3175 Pnycis

452 3194 649 3274 muri,
713 3193 876 3257 alter
928 3191 1372 3258 meridionalis
1413 3193 1595 3275 isque
1635 3198 1877 3275 rectus,
1937 3193 2114 3258 cuius
2158 3194 2352 3259 etiam
2395 3212 2564 3257 nunc
2609 3213 2799 3275 quae-

454 3295 605 3359 dam
660 3294 935 3375 vestigia
989 3301 1328 3377 supersunt
1386 3299 1469 3372 (v.
1526 3294 1817 3358 libellum
1871 3300 2186 3359 nostrum:
2246 3294 2365 3358 das
2404 3295 2802 3377 Pelasgikon

456 3397 589 3461 und
632 3396 738 3461 die
781 3397 970 3479 Pnyx
1025 3416 1087 3479 p.
1140 3401 1216 3464 16
1260 3398 1378 3477 sq.)
1439 3397 1604 3461 alter
1656 3395 2177 3479 septentrionalis
2219 3397 2401 3478 isque
2444 3398 2802 3462 semicircu-

452 3498 639 3579 laris,
707 3497 886 3562 cuius
939 3497 1253 3563 immanes
1308 3498 1807 3563 substructiones
1859 3497 2098 3580 pariter
2148 3496 2343 3562 hodie
2389 3497 2796 3582 admiramur,

460 3600 825 3682 putabimus
869 3600 1190 3665 Metonem
1249 3597 1490 3681 στήλας
1543 3620 1692 3664 31103
1748 3599 1836 3663 ad
1891 3604 2226 3679 utrumque
2273 3620 2520 3664 murum
2563 3601 2798 3684 Pnycis

456 3701 765 3783 posuisse.
858 3701 1066 3784 Atque
1120 3703 1388 3767 alteram
1444 3689 1702 3783 quidem
1761 3701 2166 3765 columellam
2226 3698 2548 3784 (στήλην),
2607 3723 2798 3785 quam

451 3821 813 3883 quomonem
856 3822 985 3865 non
1029 3804 1246 3887 inepte
1292 3803 1637 3868 dixerimus
1655 3805 1717 3884 ¹),
1765 3802 1978 3885 posuit
2019 3802 2085 3866 in
2114 3802 2255 3885 ipso
2288 3803 2428 3866 loco
2459 3804 2798 3869 meridiani

593 4073 625 4132 ¹)
663 4073 902 4120 Erectum
937 4072 1092 4122 fuisse
1128 4090 1454 4137 gnomonem,
1492 4090 1593 4122 non
1630 4074 1891 4137 obliquum
1928 4073 2006 4121 vel
2041 4074 2308 4134 libratum,
2347 4073 2487 4136 quali
2524 4089 2658 4122 nunc
2696 4074 2798 4122 uti-

453 4173 563 4207 mur
610 4156 665 4205 in
713 4157 940 4220 30101113,
999 4163 1214 4226 apparet
1259 4175 1318 4207 ex
1367 4159 1580 4207 Aeliano
1627 4159 1716 4222 qui
1765 4158 1897 4206 dixit
1949 4153 2290 4218 ἀνέστησε
2342 4154 2573 4218 ardiae,-
2631 4154 2793 4218 στήλη

455 4240 595 4291 (11010
630 4245 706 4290 031
740 4257 832 4305 pro
868 4244 1050 4307 cippo,
1085 4244 1162 4292 vel
1199 4249 1358 4305 meta,
1399 4249 1453 4292 ut
1488 4245 1623 4308 apud
1662 4244 1814 4308 Soph.
1856 4243 1938 4293 El.
1976 4245 2073 4295 720
2111 4243 2252 4293 alias,
2323 4242 2436 4291 Hoc
2474 4258 2680 4304 moneo,
2731 4259 2797 4292 ne

455 4327 571 4389 quis
608 4327 668 4375 de
705 4332 1061 4391 parapegmate
1098 4329 1303 4392 cogitet.
