3499 5219
944 1485 971 1529 ⁸
1233 1502 1868 1580 ORATIO

368 1711 810 1765 SAEOVLARIS
865 1715 942 1766 IN
991 1715 1280 1766 TEMPLO
1332 1715 1690 1767 PAVLLINO
1744 1715 1925 1767 1Psls
1982 1715 2226 1768 SACRIS
2290 1718 2710 1773 SAEOVLARI·

572 1834 707 1886 Bvs
759 1834 1042 1885 TERTIIs
1095 1833 1640 1885 VNIVERSITATIS
1692 1835 2021 1887 IENENSIS
2072 1836 2200 1887 DIE
2251 1837 2380 1887 XVI
2427 1839 2506 1887 M.

916 1952 1227 2005 AVGVSTI
1276 1953 1344 2003 A.
1398 1952 1826 2004 MDCCCLVIII
1875 1954 2165 2004 HABITA.

1055 2249 1390 2318 GARoLE
1455 2252 2015 2333 ALEXANDER,

360 2422 597 2470 mem:
624 2423 771 2468 Dvx
800 2422 1139 2491 saxorum
1170 2424 1625 2488 sunnmssmss,
1668 2425 1935 2472 moron
1963 2425 2166 2473 Hvivs
2195 2425 2702 2477 vmvERsrrA‘rIs

749 2526 1451 2591 mommcicmssmn,
1506 2526 1810 2573 SALVERE
1854 2527 1938 2572 TE
1985 2509 2312 2573 1v13EMvs!

535 2691 864 2757 Convenz’te
908 2695 995 2757 ad
1032 2694 1211 2757 ludos
1251 2695 1651 2779 spectandos,
1729 2717 1884 2779 quos
1929 2716 2126 2779 neque
2178 2697 2482 2779 spectavit
2534 2699 2700 2780 quis-

360 2815 538 2879 quam
584 2816 781 2879 neque
822 2805 1213 2880 spectaturus
1256 2796 1385 2858 est!
1440 2797 1577 2861 Hoc
1621 2798 1918 2863 sollemni
1963 2797 2241 2863 carmine
2272 2797 2699 2880 Imperatores

355 2898 603 2962 romani
644 2917 761 2981 per
802 2918 1151 2982 praecones
1195 2899 1491 2964 solebant
1532 2899 1739 2964 accire
1784 2899 1956 2963 cives
2000 2899 2086 2962 ad
2120 2897 2306 2963 ludos
2337 2902 2698 2968 saeculares

354 3019 651 3064 romanos
695 3000 1111 3083 spectandoS,
1167 3000 1518 3083 eodemque
1560 3000 1872 3081 carmine,
1933 3001 1987 3065 si
2027 3001 2275 3063 minora
2318 3020 2699 3083 componere

353 3100 570 3166 licebit
614 3122 754 3165 cum
797 3102 1274 3185 grandioribus,
1322 3102 1486 3184 Vos,
1534 3108 1839 3185 quotquot
1882 3101 2066 3182 estis,
2113 3101 2437 3166 auditores
2482 3103 2697 3170 claris-

353 3202 497 3267 simi
554 3210 616 3268 et
671 3204 1151 3287 spectatissimi,
1227 3204 1335 3286 qui
1390 3204 1475 3269 ad
1532 3202 2044 3269 concelebranda
2101 3223 2283 3267 sacra
2340 3205 2697 3271 saecularia

351 3305 539 3369 tertia
592 3305 1022 3371 universitatis
1078 3313 1336 3371 nostrae
1392 3306 1516 3371 huc
1571 3305 1993 3386 convenistis,
2066 3304 2258 3369 hodie
2314 3305 2696 3388 alloquimur

349 3406 824 3488 gratulabundi.
911 3407 1163 3491 Nempe
1205 3408 1326 3473 hoc
1367 3408 1775 3490 imperatorio
1820 3406 2025 3471 edicto
2069 3406 2136 3469 in
2188 3426 2463 3491 summo,
2524 3409 2694 3492 quod

349 3508 883 3591 persentiscimus,
927 3509 1183 3592 gaudio,
1229 3509 1503 3574 modesti
1547 3529 1688 3574 esse
1715 3509 2024 3590 iubemur,
2069 3507 2350 3589 graviter
2379 3509 2692 3577 admoniti

349 3609 681 3675 brevitatis
723 3612 896 3676 vitae
939 3611 1278 3693 humanae,
1327 3631 1517 3693 quum
1561 3630 1747 3675 nemo
1793 3610 1874 3674 sit
1915 3615 2199 3673 nostrum
2227 3608 2296 3673 in
2326 3610 2449 3675 hac
2478 3614 2692 3696 splen-

351 3710 683 3778 didissima
726 3734 960 3778 corona
1003 3712 1534 3793 adolescentium,
1580 3712 1858 3776 virorum
1875 3759 1890 3792 ,
1937 3730 2190 3791 senum,
2238 3711 2341 3775 cui
2383 3714 2690 3796 quingen-

347 3812 642 3877 tesimum
684 3817 967 3881 natalem
1012 3814 1443 3879 universitatis
1486 3821 1776 3895 nostrae,
1830 3812 2090 3894 eiusque
2134 3819 2361 3893 quarta
2404 3818 2687 3881 saecula-

346 3914 459 3996 ria,
504 3916 697 3984 liceat
739 3917 1125 4000 conspicere.
1215 3914 1482 3997 Omnes,
1531 3920 1838 3998 quotquot
1879 3933 2123 3994 sumuS,
2171 3913 2410 3977 conditi
2455 3915 2687 3982 erimus

346 4018 707 4100 sepultura,
784 4037 974 4100 quum
1015 4038 1186 4081 nova
1229 4037 1441 4098 sacra,
1517 4018 1571 4082 si
1614 4017 1735 4083 deo
1781 4015 2121 4101 placuerit,
2195 4014 2317 4078 hoc
2359 4016 2499 4099 ipso
2541 4017 2683 4082 loco

346 4118 837 4184 celebrabuntur
877 4141 918 4183 a
971 4118 1260 4202 posteris.
1348 4119 1548 4200 Nam,
1624 4127 1691 4183 ut
1746 4114 2161 4185 vetustissimi
2216 4122 2446 4199 poetae
2490 4118 2681 4184 Athe-

344 4219 584 4286 niensis
626 4221 839 4287 verbis
880 4227 1162 4285 utamur:

688 4343 947 4403 Arboris
988 4349 1058 4401 ut
1092 4343 1252 4417 folia
1297 4349 1598 4414 arescunt,
1647 4343 1732 4400 ita
1776 4342 1984 4402 saecla
2030 4342 2319 4399 virorum.
2352 4410 2367 4424 ,

443 4448 741 4498 Gonvrmno,
767 4448 984 4499 opuscula.
2241 4440 2270 4488 5
