<?xml version="1.0" encoding="UTF-8"?>
<!DOCTYPE html PUBLIC "-//W3C//DTD XHTML 1.0 Transitional//EN"
    "http://www.w3.org/TR/xhtml1/DTD/xhtml1-transitional.dtd">
<html xmlns="http://www.w3.org/1999/xhtml" xml:lang="en" lang="en">
 <head>
  <title>
</title>
<meta http-equiv="Content-Type" content="text/html;charset=utf-8" />
  <meta name='ocr-system' content='tesseract 3.04.00' />
  <meta name='ocr-capabilities' content='ocr_page ocr_carea ocr_par ocr_line ocrx_word'/>
</head>
<body>
  <div class='ocr_page' id='page_1' title='image "./opusculaacademi00goetgoog_0219.png"; bbox 0 0 3499 5219; ppageno 0'>
   <div class='ocr_carea' id='block_1_1' title="bbox 1272 430 1840 494">
    <p class='ocr_par' dir='ltr' id='par_1_1' title="bbox 1272 430 1840 494">
     <span class='ocr_line' id='line_1_1' title="bbox 1272 430 1840 494; baseline 0.005 -4"><span class='ocrx_word' id='word_1_1' title='bbox 1272 430 1840 494; x_wconf 48' lang='lat'><strong>*203—</strong></span> 
     </span>
    </p>
   </div>
   <div class='ocr_carea' id='block_1_2' title="bbox 385 591 2727 884">
    <p class='ocr_par' dir='ltr' id='par_1_2' title="bbox 385 591 2727 884">
     <span class='ocr_line' id='line_1_2' title="bbox 558 591 2727 680; baseline -0.001 -23"><span class='ocrx_word' id='word_1_2' title='bbox 558 591 905 659; x_wconf 84' lang='lat' dir='ltr'>Videamus</span> <span class='ocrx_word' id='word_1_3' title='bbox 947 594 1209 662; x_wconf 85' lang='lat' dir='ltr'>tandem</span> <span class='ocrx_word' id='word_1_4' title='bbox 1253 616 1334 663; x_wconf 89' lang='lat' dir='ltr'><strong><em>ea</em></strong></span> <span class='ocrx_word' id='word_1_5' title='bbox 1373 616 1539 679; x_wconf 86' lang='lat' dir='ltr'>quae</span> <span class='ocrx_word' id='word_1_6' title='bbox 1579 597 1829 680; x_wconf 86' lang='lat' dir='ltr'>reliqua</span> <span class='ocrx_word' id='word_1_7' title='bbox 1870 603 2020 664; x_wconf 88' lang='lat' dir='ltr'>sunt</span> <span class='ocrx_word' id='word_1_8' title='bbox 2061 594 2503 661; x_wconf 81' lang='lat' dir='ltr'>vaticiniorum</span> <span class='ocrx_word' id='word_1_9' title='bbox 2548 591 2727 657; x_wconf 86' lang='lat' dir='ltr'>Baci-</span> 
     </span>
     <span class='ocr_line' id='line_1_3' title="bbox 388 691 2727 781; baseline 0 -21"><span class='ocrx_word' id='word_1_10' title='bbox 388 694 510 777; x_wconf 89' lang='lat' dir='ltr'><strong><em>dis,</em></strong></span> <span class='ocrx_word' id='word_1_11' title='bbox 556 714 638 762; x_wconf 83' lang='lat' dir='ltr'>ex</span> <span class='ocrx_word' id='word_1_12' title='bbox 681 693 910 777; x_wconf 90' lang='lat' dir='ltr'>quibus</span> <span class='ocrx_word' id='word_1_13' title='bbox 953 697 1289 781; x_wconf 82' lang='lat' dir='ltr'>apparebit</span> <span class='ocrx_word' id='word_1_14' title='bbox 1331 698 1425 763; x_wconf 85' lang='lat' dir='ltr'>ita</span> <span class='ocrx_word' id='word_1_15' title='bbox 1461 718 1684 765; x_wconf 81' lang='lat' dir='ltr'>versus</span> <span class='ocrx_word' id='word_1_16' title='bbox 1727 719 1878 765; x_wconf 88' lang='lat' dir='ltr'>suos</span> <span class='ocrx_word' id='word_1_17' title='bbox 1917 698 2294 781; x_wconf 88' lang='lat' dir='ltr'>fatiloquum</span> <span class='ocrx_word' id='word_1_18' title='bbox 2336 691 2727 780; x_wconf 76' lang='lat' dir='ltr'>procudisse,</span> 
     </span>
     <span class='ocr_line' id='line_1_4' title="bbox 385 795 1813 884; baseline 0.002 -21"><span class='ocrx_word' id='word_1_19' title='bbox 385 804 458 863; x_wconf 91' lang='lat' dir='ltr'><strong><em>ut</em></strong></span> <span class='ocrx_word' id='word_1_20' title='bbox 501 795 934 863; x_wconf 86' lang='lat' dir='ltr'>diversissimo</span> <span class='ocrx_word' id='word_1_21' title='bbox 977 797 1167 865; x_wconf 86' lang='lat' dir='ltr'>modo</span> <span class='ocrx_word' id='word_1_22' title='bbox 1210 807 1477 884; x_wconf 79' lang='lat' dir='ltr'>possent</span> <span class='ocrx_word' id='word_1_23' title='bbox 1517 800 1813 884; x_wconf 79' lang='lat' dir='ltr'>intelligi.</span> 
     </span>
    </p>
   </div>
   <div class='ocr_carea' id='block_1_3' title="bbox 1536 970 1587 1035">
    <p class='ocr_par' dir='ltr' id='par_1_3' title="bbox 1536 970 1587 1035">
     <span class='ocr_line' id='line_1_5' title="bbox 1536 970 1587 1035; baseline -0.039 0"><span class='ocrx_word' id='word_1_24' title='bbox 1536 970 1587 1035; x_wconf 94' lang='grc' dir='ltr'><strong><em>Ι.</em></strong></span> 
     </span>
    </p>
   </div>
   <div class='ocr_carea' id='block_1_4' title="bbox 559 1087 3121 1190">
    <p class='ocr_par' dir='ltr' id='par_1_4' title="bbox 559 1087 3121 1190">
     <span class='ocr_line' id='line_1_6' title="bbox 559 1087 3121 1190; baseline -0.001 -28"><span class='ocrx_word' id='word_1_25' title='bbox 559 1100 908 1163; x_wconf 75' lang='lat' dir='ltr'><strong><em>Pausanias</em></strong></span> <span class='ocrx_word' id='word_1_26' title='bbox 947 1101 1032 1183; x_wconf 88' lang='lat' dir='ltr'><strong><em>X,</em></strong></span> <span class='ocrx_word' id='word_1_27' title='bbox 1085 1107 1182 1167; x_wconf 83' lang='lat'><strong><em>14.</em></strong></span> <span class='ocrx_word' id='word_1_28' title='bbox 1270 1108 1629 1185; x_wconf 75' lang='grc' dir='ltr'><strong><em>Στρατείαν</em></strong></span> <span class='ocrx_word' id='word_1_29' title='bbox 1675 1102 1749 1170; x_wconf 78' lang='grc' dir='ltr'><strong><em>δὲ</em></strong></span> <span class='ocrx_word' id='word_1_30' title='bbox 1793 1102 1905 1168; x_wconf 74' lang='grc' dir='ltr'><strong><em>ἐπὶ</em></strong></span> <span class='ocrx_word' id='word_1_31' title='bbox 1948 1102 2064 1190; x_wconf 86' lang='grc' dir='ltr'><strong><em>τὴν</em></strong></span> <span class='ocrx_word' id='word_1_32' title='bbox 2102 1097 2384 1166; x_wconf 81' lang='grc' dir='ltr'><strong><em>Ἑλλάδα</em></strong></span> <span class='ocrx_word' id='word_1_33' title='bbox 2427 1093 2567 1164; x_wconf 82' lang='grc' dir='ltr'><strong><em>άπὸ</em></strong></span> <span class='ocrx_word' id='word_1_34' title='bbox 2610 1097 2727 1162; x_wconf 84' lang='grc' dir='ltr'><strong><em>τοῦ</em></strong></span> <span class='ocrx_word' id='word_1_35' title='bbox 2840 1115 2847 1122; x_wconf 86' lang='grc'>·</span> <span class='ocrx_word' id='word_1_36' title='bbox 2912 1103 2933 1116; x_wconf 62' lang='grc'>”</span> <span class='ocrx_word' id='word_1_37' title='bbox 3026 1133 3031 1142; x_wconf 85' lang='lat'>·</span> <span class='ocrx_word' id='word_1_38' title='bbox 3116 1087 3121 1094; x_wconf 65' lang='grc'><strong>’</strong></span> 
     </span>
    </p>
   </div>
   <div class='ocr_carea' id='block_1_5' title="bbox 385 1197 2735 2100">
    <p class='ocr_par' dir='ltr' id='par_1_5' title="bbox 385 1197 2735 2099">
     <span class='ocr_line' id='line_1_7' title="bbox 386 1197 2731 1288; baseline 0 -24"><span class='ocrx_word' id='word_1_39' title='bbox 386 1198 726 1285; x_wconf 82' lang='grc' dir='ltr'><strong><em>βαρβάρου</em></strong></span> <span class='ocrx_word' id='word_1_40' title='bbox 803 1198 980 1266; x_wconf 72' lang='grc' dir='ltr'><strong><em>ἔστιν</em></strong></span> <span class='ocrx_word' id='word_1_41' title='bbox 1055 1197 1266 1287; x_wconf 80' lang='grc' dir='ltr'><strong><em>εὖρεῒν</em></strong></span> <span class='ocrx_word' id='word_1_42' title='bbox 1338 1207 1843 1288; x_wconf 77' lang='grc' dir='ltr'><strong><em>προρρηθεῖσαν</em></strong></span> <span class='ocrx_word' id='word_1_43' title='bbox 1911 1205 2031 1288; x_wconf 81' lang='grc' dir='ltr'><strong><em>μὲν</em></strong></span> <span class='ocrx_word' id='word_1_44' title='bbox 2105 1202 2173 1270; x_wconf 76' lang='grc' dir='ltr'><strong><em>ἐν</em></strong></span> <span class='ocrx_word' id='word_1_45' title='bbox 2237 1211 2381 1279; x_wconf 83' lang='grc' dir='ltr'><strong><em>τοῖς</em></strong></span> <span class='ocrx_word' id='word_1_46' title='bbox 2442 1197 2731 1276; x_wconf 80' lang='grc' dir='ltr'><strong><em>Βάκιδος</em></strong></span> 
     </span>
     <span class='ocr_line' id='line_1_8' title="bbox 385 1289 2730 1391; baseline 0 -25"><span class='ocrx_word' id='word_1_47' title='bbox 385 1312 736 1388; x_wconf 85' lang='grc' dir='ltr'><strong><em>χρησμοῖς·</em></strong></span> <span class='ocrx_word' id='word_1_48' title='bbox 811 1301 1134 1387; x_wconf 84' lang='grc' dir='ltr'><strong><em>πρότερον</em></strong></span> <span class='ocrx_word' id='word_1_49' title='bbox 1209 1306 1282 1371; x_wconf 81' lang='grc' dir='ltr'><strong><em>δὲ</em></strong></span> <span class='ocrx_word' id='word_1_50' title='bbox 1349 1305 1447 1371; x_wconf 72' lang='grc' dir='ltr'><strong><em>ἔτι</em></strong></span> <span class='ocrx_word' id='word_1_51' title='bbox 1506 1303 1733 1390; x_wconf 73' lang='grc' dir='ltr'><strong><em>Εὔκλῳ</em></strong></span> <span class='ocrx_word' id='word_1_52' title='bbox 1791 1304 1874 1371; x_wconf 83' lang='grc' dir='ltr'><strong><em>τὰ</em></strong></span> <span class='ocrx_word' id='word_1_53' title='bbox 1930 1304 1997 1383; x_wconf 75' lang='grc' dir='ltr'><strong><em>ἐς</em></strong></span> <span class='ocrx_word' id='word_1_54' title='bbox 2053 1289 2250 1391; x_wconf 73' lang='grc' dir='ltr'><strong><em>αὐτὴν</em></strong></span> <span class='ocrx_word' id='word_1_55' title='bbox 2310 1307 2730 1387; x_wconf 80' lang='grc' dir='ltr'><strong><em>πεποιημένα</em></strong></span> 
     </span>
     <span class='ocr_line' id='line_1_9' title="bbox 391 1403 2734 1491; baseline 0 -21"><span class='ocrx_word' id='word_1_56' title='bbox 391 1403 587 1471; x_wconf 76' lang='grc' dir='ltr'><strong><em>ἐστίν.</em></strong></span> <span class='ocrx_word' id='word_1_57' title='bbox 688 1405 867 1472; x_wconf 90' lang='lat' dir='ltr'>Haec</span> <span class='ocrx_word' id='word_1_58' title='bbox 930 1425 1120 1489; x_wconf 89' lang='lat' dir='ltr'>quam</span> <span class='ocrx_word' id='word_1_59' title='bbox 1174 1408 1371 1491; x_wconf 88' lang='lat' dir='ltr'>plane</span> <span class='ocrx_word' id='word_1_60' title='bbox 1423 1408 1510 1475; x_wconf 85' lang='lat' dir='ltr'>ad</span> <span class='ocrx_word' id='word_1_61' title='bbox 1564 1406 2039 1475; x_wconf 88' lang='lat' dir='ltr'>Onomacritum</span> <span class='ocrx_word' id='word_1_62' title='bbox 2095 1407 2411 1472; x_wconf 79' lang='lat' dir='ltr'>attineant</span> <span class='ocrx_word' id='word_1_63' title='bbox 2462 1411 2734 1490; x_wconf 87' lang='lat' dir='ltr'>apparet</span> 
     </span>
     <span class='ocr_line' id='line_1_10' title="bbox 388 1505 2733 1592; baseline -0.001 -18"><span class='ocrx_word' id='word_1_64' title='bbox 388 1528 475 1575; x_wconf 80' lang='lat' dir='ltr'>ex</span> <span class='ocrx_word' id='word_1_65' title='bbox 526 1506 894 1574; x_wconf 87' lang='lat' dir='ltr'>narratione</span> <span class='ocrx_word' id='word_1_66' title='bbox 947 1508 1256 1575; x_wconf 86' lang='lat' dir='ltr'>Herodoti</span> <span class='ocrx_word' id='word_1_67' title='bbox 1299 1510 1469 1592; x_wconf 92' lang='lat' dir='ltr'>(VII,</span> <span class='ocrx_word' id='word_1_68' title='bbox 1515 1514 1600 1585; x_wconf 89' lang='grc'><strong><em>6).</em></strong></span> <span class='ocrx_word' id='word_1_69' title='bbox 1702 1509 1932 1575; x_wconf 84' lang='lat' dir='ltr'>Coram</span> <span class='ocrx_word' id='word_1_70' title='bbox 1973 1509 2194 1576; x_wconf 81' lang='lat' dir='ltr'>Xerxe</span> <span class='ocrx_word' id='word_1_71' title='bbox 2247 1508 2418 1574; x_wconf 91' lang='lat' dir='ltr'>enim</span> <span class='ocrx_word' id='word_1_72' title='bbox 2460 1505 2733 1574; x_wconf 86' lang='lat' dir='ltr'>Onoma-</span> 
     </span>
     <span class='ocr_line' id='line_1_11' title="bbox 387 1606 2730 1696; baseline -0.002 -21"><span class='ocrx_word' id='word_1_73' title='bbox 387 1610 583 1675; x_wconf 83' lang='lat' dir='ltr'>critus</span> <span class='ocrx_word' id='word_1_74' title='bbox 625 1608 925 1689; x_wconf 78' lang='grc' dir='ltr'><strong><em>κατέλεγε</em></strong></span> <span class='ocrx_word' id='word_1_75' title='bbox 966 1611 1099 1676; x_wconf 81' lang='grc' dir='ltr'><strong><em>τῶν</em></strong></span> <span class='ocrx_word' id='word_1_76' title='bbox 1138 1612 1481 1695; x_wconf 79' lang='grc' dir='ltr'><strong><em>χρησμῶν·</em></strong></span> <span class='ocrx_word' id='word_1_77' title='bbox 1529 1609 1588 1676; x_wconf 82' lang='grc' dir='ltr'><strong><em>εἰ</em></strong></span> <span class='ocrx_word' id='word_1_78' title='bbox 1629 1615 1747 1692; x_wconf 86' lang='grc' dir='ltr'><strong><em>μέν</em></strong></span> <span class='ocrx_word' id='word_1_79' title='bbox 1792 1636 1858 1675; x_wconf 83' lang='grc' dir='ltr'><strong><em>τι</em></strong></span> <span class='ocrx_word' id='word_1_80' title='bbox 1903 1609 2074 1676; x_wconf 77' lang='grc' dir='ltr'><strong><em>ἐνέοι</em></strong></span> <span class='ocrx_word' id='word_1_81' title='bbox 2111 1608 2386 1696; x_wconf 82' lang='grc' dir='ltr'><strong><em>σφάλμα</em></strong></span> <span class='ocrx_word' id='word_1_82' title='bbox 2414 1606 2492 1673; x_wconf 82' lang='grc' dir='ltr'><strong><em>τὸ</em></strong></span> <span class='ocrx_word' id='word_1_83' title='bbox 2527 1611 2730 1692; x_wconf 86' lang='grc' dir='ltr'><strong><em>φέρον</em></strong></span> 
     </span>
     <span class='ocr_line' id='line_1_12' title="bbox 389 1705 2733 1796; baseline -0.002 -21"><span class='ocrx_word' id='word_1_84' title='bbox 389 1708 736 1794; x_wconf 82' lang='grc' dir='ltr'><strong><em>βαρβάρῳ,</em></strong></span> <span class='ocrx_word' id='word_1_85' title='bbox 796 1712 927 1775; x_wconf 82' lang='grc' dir='ltr'><strong><em>τῶν</em></strong></span> <span class='ocrx_word' id='word_1_86' title='bbox 982 1711 1102 1792; x_wconf 83' lang='grc' dir='ltr'><strong><em>μὲν</em></strong></span> <span class='ocrx_word' id='word_1_87' title='bbox 1159 1711 1335 1796; x_wconf 80' lang='grc' dir='ltr'><strong><em>ἔλεγε</em></strong></span> <span class='ocrx_word' id='word_1_88' title='bbox 1391 1706 1611 1777; x_wconf 84' lang='grc' dir='ltr'><strong><em>οὐδέν·</em></strong></span> <span class='ocrx_word' id='word_1_89' title='bbox 1672 1706 1707 1775; x_wconf 83' lang='grc' dir='ltr'><em>ὃ</em></span> <span class='ocrx_word' id='word_1_90' title='bbox 1763 1713 1836 1778; x_wconf 83' lang='grc' dir='ltr'><strong><em>δὲ</em></strong></span> <span class='ocrx_word' id='word_1_91' title='bbox 1877 1712 1961 1778; x_wconf 87' lang='grc' dir='ltr'><strong><em>τὰ</em></strong></span> <span class='ocrx_word' id='word_1_92' title='bbox 2006 1705 2435 1793; x_wconf 81' lang='grc' dir='ltr'><strong><em>εὖτυχέστατα</em></strong></span> <span class='ocrx_word' id='word_1_93' title='bbox 2479 1706 2733 1792; x_wconf 74' lang='grc' dir='ltr'><strong><em>ἐκλεγό-</em></strong></span> 
     </span>
     <span class='ocr_line' id='line_1_13' title="bbox 389 1803 2727 1900; baseline -0.001 -24"><span class='ocrx_word' id='word_1_94' title='bbox 389 1833 586 1894; x_wconf 86' lang='grc' dir='ltr'><strong><em>μενος</em></strong></span> <span class='ocrx_word' id='word_1_95' title='bbox 632 1810 807 1894; x_wconf 73' lang='grc' dir='ltr'><strong><em>ἔλεγε</em></strong></span> <span class='ocrx_word' id='word_1_96' title='bbox 848 1810 963 1877; x_wconf 87' lang='grc' dir='ltr'><strong><em>τόν</em></strong></span> <span class='ocrx_word' id='word_1_97' title='bbox 1006 1837 1079 1879; x_wconf 85' lang='grc' dir='ltr'><strong><em>τε</em></strong></span> <span class='ocrx_word' id='word_1_98' title='bbox 1114 1808 1590 1900; x_wconf 79' lang='grc' dir='ltr'><strong><em>Ἑλλήσποντον</em></strong></span> <span class='ocrx_word' id='word_1_99' title='bbox 1647 1808 1738 1890; x_wconf 78' lang='grc' dir='ltr'><strong><em>ὥς</em></strong></span> <span class='ocrx_word' id='word_1_100' title='bbox 1796 1814 2148 1899; x_wconf 68' lang='grc' dir='ltr'><strong><em>ζευχθῆναι</em></strong></span> <span class='ocrx_word' id='word_1_101' title='bbox 2199 1811 2389 1897; x_wconf 86' lang='grc' dir='ltr'><strong><em>χρεὸν</em></strong></span> <span class='ocrx_word' id='word_1_102' title='bbox 2447 1809 2546 1895; x_wconf 81' lang='grc' dir='ltr'><strong><em>ε’ίη</em></strong></span> <span class='ocrx_word' id='word_1_103' title='bbox 2603 1803 2727 1874; x_wconf 74' lang='grc' dir='ltr'><strong><em>ὕπ’</em></strong></span> 
     </span>
     <span class='ocr_line' id='line_1_14' title="bbox 392 1907 2735 1994; baseline 0 -16"><span class='ocrx_word' id='word_1_104' title='bbox 392 1907 631 1994; x_wconf 80' lang='grc' dir='ltr'><strong><em>ἀνδρὸς</em></strong></span> <span class='ocrx_word' id='word_1_105' title='bbox 674 1917 951 1994; x_wconf 83' lang='grc' dir='ltr'><strong><em>Πέρσεω</em></strong></span> <span class='ocrx_word' id='word_1_106' title='bbox 1002 1940 1058 1979; x_wconf 90' lang='grc' dir='ltr'><strong><em>κ.</em></strong></span> <span class='ocrx_word' id='word_1_107' title='bbox 1104 1937 1160 1980; x_wconf 86' lang='grc' dir='ltr'><strong><em>τ.</em></strong></span> <span class='ocrx_word' id='word_1_108' title='bbox 1209 1913 1257 1980; x_wconf 82' lang='grc' dir='ltr'><strong><em>ἑ.</em></strong></span> <span class='ocrx_word' id='word_1_109' title='bbox 1347 1916 1485 1981; x_wconf 94' lang='lat' dir='ltr'><strong><em>Hoc</em></strong></span> <span class='ocrx_word' id='word_1_110' title='bbox 1539 1923 1754 1982; x_wconf 88' lang='lat' dir='ltr'>autem</span> <span class='ocrx_word' id='word_1_111' title='bbox 1809 1915 2180 1982; x_wconf 82' lang='lat' dir='ltr'>vaticinium</span> <span class='ocrx_word' id='word_1_112' title='bbox 2236 1915 2433 1981; x_wconf 85' lang='lat' dir='ltr'>fuisse</span> <span class='ocrx_word' id='word_1_113' title='bbox 2474 1911 2735 1979; x_wconf 86' lang='lat' dir='ltr'>Bacidis</span> 
     </span>
     <span class='ocr_line' id='line_1_15' title="bbox 387 2014 1645 2100; baseline 0.002 -20"><span class='ocrx_word' id='word_1_114' title='bbox 387 2014 533 2099; x_wconf 89' lang='lat' dir='ltr'>ipse</span> <span class='ocrx_word' id='word_1_115' title='bbox 574 2016 858 2080; x_wconf 85' lang='lat' dir='ltr'>narravit</span> <span class='ocrx_word' id='word_1_116' title='bbox 900 2016 1262 2083; x_wconf 87' lang='lat' dir='ltr'>Herodotus</span> <span class='ocrx_word' id='word_1_117' title='bbox 1306 2018 1645 2100; x_wconf 82' lang='lat' dir='ltr'>V111‚20:</span> 
     </span>
    </p>
   </div>
   <div class='ocr_carea' id='block_1_6' title="bbox 691 2144 2427 2319">
    <p class='ocr_par' dir='ltr' id='par_1_6' title="bbox 691 2144 2427 2319">
     <span class='ocr_line' id='line_1_16' title="bbox 694 2144 2427 2260; baseline 0 -50"><span class='ocrx_word' id='word_1_118' title='bbox 694 2147 935 2256; x_wconf 80' lang='grc' dir='ltr'><strong><em>Φράζεο</em></strong></span> <span class='ocrx_word' id='word_1_119' title='bbox 978 2149 1544 2257; x_wconf 66' lang='grc' dir='ltr'><strong><em>βαρβαρόφωνον’</em></strong></span> <span class='ocrx_word' id='word_1_120' title='bbox 1523 2146 1671 2215; x_wconf 88' lang='grc' dir='ltr'><strong><em>όταν</em></strong></span> <span class='ocrx_word' id='word_1_121' title='bbox 1715 2151 1896 2234; x_wconf 79' lang='grc' dir='ltr'><strong><em>ζυγὸν</em></strong></span> <span class='ocrx_word' id='word_1_122' title='bbox 1939 2152 2022 2225; x_wconf 78' lang='grc' dir='ltr'><strong><em>εἰς</em></strong></span> <span class='ocrx_word' id='word_1_123' title='bbox 2064 2144 2186 2212; x_wconf 77' lang='grc' dir='ltr'><strong><em>ἅλα</em></strong></span> <span class='ocrx_word' id='word_1_124' title='bbox 2194 2146 2427 2260; x_wconf 82' lang='grc' dir='ltr'><strong><em>βάλλῃ</em></strong></span> 
     </span>
     <span class='ocr_line' id='line_1_17' title="bbox 691 2230 2345 2319; baseline 0 -24"><span class='ocrx_word' id='word_1_125' title='bbox 691 2231 1020 2312; x_wconf 87' lang='grc' dir='ltr'><strong><em>Βυβλινον,</em></strong></span> <span class='ocrx_word' id='word_1_126' title='bbox 1064 2234 1339 2317; x_wconf 78' lang='grc' dir='ltr'><strong><em>Εὐβοίης</em></strong></span> <span class='ocrx_word' id='word_1_127' title='bbox 1380 2232 1619 2317; x_wconf 75' lang='grc' dir='ltr'><strong><em>ἀπέχειν</em></strong></span> <span class='ocrx_word' id='word_1_128' title='bbox 1660 2236 2107 2319; x_wconf 78' lang='grc' dir='ltr'><strong><em>πολυμηκάδας</em></strong></span> <span class='ocrx_word' id='word_1_129' title='bbox 2151 2230 2345 2317; x_wconf 76' lang='grc' dir='ltr'><strong><em>αἶγας.</em></strong></span> 
     </span>
    </p>
   </div>
   <div class='ocr_carea' id='block_1_7' title="bbox 1522 2408 1608 2473">
    <p class='ocr_par' dir='ltr' id='par_1_7' title="bbox 1522 2408 1608 2473">
     <span class='ocr_line' id='line_1_18' title="bbox 1522 2408 1608 2473; baseline -0.012 0"><span class='ocrx_word' id='word_1_130' title='bbox 1522 2408 1608 2473; x_wconf 92' lang='lat'><strong><em>11.</em></strong></span> 
     </span>
    </p>
   </div>
   <div class='ocr_carea' id='block_1_8' title="bbox 393 2538 2736 2828">
    <p class='ocr_par' dir='ltr' id='par_1_8' title="bbox 393 2538 2736 2828">
     <span class='ocr_line' id='line_1_19' title="bbox 564 2538 2735 2627; baseline 0 -20"><span class='ocrx_word' id='word_1_131' title='bbox 564 2542 667 2607; x_wconf 81' lang='lat' dir='ltr'><strong><em>Ex</em></strong></span> <span class='ocrx_word' id='word_1_132' title='bbox 707 2539 787 2606; x_wconf 88' lang='lat' dir='ltr'><strong><em>iis</em></strong></span> <span class='ocrx_word' id='word_1_133' title='bbox 829 2540 1147 2607; x_wconf 82' lang='lat' dir='ltr'>vaticiniis</span> <span class='ocrx_word' id='word_1_134' title='bbox 1189 2541 1448 2609; x_wconf 84' lang='lat' dir='ltr'>Bacidis</span> <span class='ocrx_word' id='word_1_135' title='bbox 1492 2562 1656 2627; x_wconf 88' lang='lat' dir='ltr'>quae</span> <span class='ocrx_word' id='word_1_136' title='bbox 1699 2542 1991 2613; x_wconf 86' lang='lat' dir='ltr'>barbaris</span> <span class='ocrx_word' id='word_1_137' title='bbox 2033 2540 2374 2608; x_wconf 85' lang='lat' dir='ltr'>adversam</span> <span class='ocrx_word' id='word_1_138' title='bbox 2417 2538 2735 2607; x_wconf 86' lang='lat' dir='ltr'>fortunam</span> 
     </span>
     <span class='ocr_line' id='line_1_20' title="bbox 395 2640 2736 2729; baseline 0.002 -23"><span class='ocrx_word' id='word_1_139' title='bbox 395 2640 700 2728; x_wconf 86' lang='grc' dir='ltr'><strong><em>(σφάλμα</em></strong></span> <span class='ocrx_word' id='word_1_140' title='bbox 768 2641 1129 2726; x_wconf 85' lang='grc' dir='ltr'><strong><em>βαρβάρου)</em></strong></span> <span class='ocrx_word' id='word_1_141' title='bbox 1209 2645 1763 2729; x_wconf 85' lang='lat' dir='ltr'>praenunciabant</span> <span class='ocrx_word' id='word_1_142' title='bbox 1833 2664 2124 2729; x_wconf 89' lang='lat' dir='ltr'>quaeque</span> <span class='ocrx_word' id='word_1_143' title='bbox 2195 2643 2452 2709; x_wconf 82' lang='lat' dir='ltr'>silentio</span> <span class='ocrx_word' id='word_1_144' title='bbox 2525 2663 2736 2710; x_wconf 88' lang='lat' dir='ltr'>coram</span> 
     </span>
     <span class='ocr_line' id='line_1_21' title="bbox 393 2743 1836 2828; baseline 0.001 -17"><span class='ocrx_word' id='word_1_145' title='bbox 393 2745 616 2811; x_wconf 83' lang='lat' dir='ltr'>Xerxe</span> <span class='ocrx_word' id='word_1_146' title='bbox 660 2745 978 2828; x_wconf 82' lang='lat' dir='ltr'>oppressit</span> <span class='ocrx_word' id='word_1_147' title='bbox 1021 2743 1460 2813; x_wconf 87' lang='lat' dir='ltr'>Onomacritus</span> <span class='ocrx_word' id='word_1_148' title='bbox 1500 2747 1625 2813; x_wconf 90' lang='lat' dir='ltr'><strong><em>hoc</em></strong></span> <span class='ocrx_word' id='word_1_149' title='bbox 1667 2755 1836 2813; x_wconf 87' lang='lat' dir='ltr'>erat.</span> 
     </span>
    </p>
   </div>
   <div class='ocr_carea' id='block_1_9' title="bbox 581 2891 2441 3574">
    <p class='ocr_par' dir='ltr' id='par_1_9' title="bbox 581 2891 2420 3486">
     <span class='ocr_line' id='line_1_22' title="bbox 690 2891 2274 3002; baseline -0.001 -46"><span class='ocrx_word' id='word_1_150' title='bbox 690 2891 850 2956; x_wconf 76' lang='grc' dir='ltr'><strong><em>Ἀλλ’</em></strong></span> <span class='ocrx_word' id='word_1_151' title='bbox 899 2891 1049 2958; x_wconf 88' lang='grc' dir='ltr'><strong><em>όταν</em></strong></span> <span class='ocrx_word' id='word_1_152' title='bbox 1079 2895 1437 3002; x_wconf 75' lang='grc' dir='ltr'><strong><em>Ἀρτέμιδος</em></strong></span> <span class='ocrx_word' id='word_1_153' title='bbox 1468 2897 1831 2980; x_wconf 82' lang='grc' dir='ltr'><strong><em>χρυσαόρου</em></strong></span> <span class='ocrx_word' id='word_1_154' title='bbox 1878 2895 2042 2978; x_wconf 86' lang='grc' dir='ltr'><strong><em>ιερόν</em></strong></span> <span class='ocrx_word' id='word_1_155' title='bbox 2082 2892 2274 2976; x_wconf 79' lang='grc' dir='ltr'><strong><em>ἀκτὴν</em></strong></span> 
     </span>
     <span class='ocr_line' id='line_1_23' title="bbox 698 2977 2297 3088; baseline 0 -48"><span class='ocrx_word' id='word_1_156' title='bbox 698 2981 904 3084; x_wconf 82' lang='grc' dir='ltr'><strong><em>Νηυσὶ</em></strong></span> <span class='ocrx_word' id='word_1_157' title='bbox 948 2977 1373 3088; x_wconf 78' lang='grc' dir='ltr'><strong><em>γεφυρώσωσι,</em></strong></span> <span class='ocrx_word' id='word_1_158' title='bbox 1417 2983 1517 3043; x_wconf 81' lang='grc' dir='ltr'><strong><em>καὶ</em></strong></span> <span class='ocrx_word' id='word_1_159' title='bbox 1562 2982 1829 3062; x_wconf 80' lang='grc' dir='ltr'><strong><em>εἰναλίην</em></strong></span> <span class='ocrx_word' id='word_1_160' title='bbox 1869 2979 2297 3061; x_wconf 87' lang='grc' dir='ltr'><strong><em>Κυνόσουραν,</em></strong></span> 
     </span>
     <span class='ocr_line' id='line_1_24' title="bbox 698 3061 2307 3172; baseline 0 -47"><span class='ocrx_word' id='word_1_161' title='bbox 698 3061 929 3126; x_wconf 86' lang='grc' dir='ltr'><strong><em>Ἐλπίδι</em></strong></span> <span class='ocrx_word' id='word_1_162' title='bbox 971 3064 1307 3150; x_wconf 78' lang='grc' dir='ltr'><strong><em>μαινομένη</em></strong></span> <span class='ocrx_word' id='word_1_163' title='bbox 1353 3066 1627 3172; x_wconf 79' lang='grc' dir='ltr'><strong><em>λιπαρὰς</em></strong></span> <span class='ocrx_word' id='word_1_164' title='bbox 1656 3066 1998 3172; x_wconf 75' lang='grc' dir='ltr'><strong><em>πέρσαντες</em></strong></span> <span class='ocrx_word' id='word_1_165' title='bbox 2015 3062 2307 3144; x_wconf 73' lang='grc' dir='ltr'><strong><em>Ἀθήνας,</em></strong></span> 
     </span>
     <span class='ocr_line' id='line_1_25' title="bbox 700 3143 2404 3259; baseline -0.002 -47"><span class='ocrx_word' id='word_1_166' title='bbox 700 3149 832 3212; x_wconf 84' lang='grc' dir='ltr'><strong><em>Δῖα</em></strong></span> <span class='ocrx_word' id='word_1_167' title='bbox 874 3151 1040 3231; x_wconf 88' lang='grc' dir='ltr'><strong><em>Δίκη</em></strong></span> <span class='ocrx_word' id='word_1_168' title='bbox 1085 3151 1329 3228; x_wconf 78' lang='grc' dir='ltr'><strong><em>σβέσσει</em></strong></span> <span class='ocrx_word' id='word_1_169' title='bbox 1374 3149 1670 3231; x_wconf 83' lang='grc' dir='ltr'><strong><em>κρατερὸν</em></strong></span> <span class='ocrx_word' id='word_1_170' title='bbox 1711 3148 1938 3259; x_wconf 78' lang='grc' dir='ltr'><strong><em>Κόρον,</em></strong></span> <span class='ocrx_word' id='word_1_171' title='bbox 1968 3145 2228 3257; x_wconf 63' lang='grc' dir='ltr'><strong><em>’Ύβριος</em></strong></span> <span class='ocrx_word' id='word_1_172' title='bbox 2268 3143 2404 3210; x_wconf 89' lang='grc' dir='ltr'><strong><em>υιόν</em></strong></span> 
     </span>
     <span class='ocr_line' id='line_1_26' title="bbox 704 3232 2441 3314; baseline -0.003 -18"><span class='ocrx_word' id='word_1_173' title='bbox 704 3232 923 3296; x_wconf 86' lang='grc' dir='ltr'><strong><em>Δεινὸν</em></strong></span> <span class='ocrx_word' id='word_1_174' title='bbox 962 3232 1348 3314; x_wconf 80' lang='grc' dir='ltr'><strong><em>μαιμώοντα,</em></strong></span> <span class='ocrx_word' id='word_1_175' title='bbox 1395 3234 1671 3298; x_wconf 79' lang='grc' dir='ltr'><strong><em>δοκεῦντ’</em></strong></span> <span class='ocrx_word' id='word_1_176' title='bbox 1719 3232 1835 3297; x_wconf 75' lang='grc' dir='ltr'><strong><em>ἀνὰ</em></strong></span> <span class='ocrx_word' id='word_1_177' title='bbox 1880 3234 2082 3297; x_wconf 83' lang='grc' dir='ltr'><strong><em>πάντα</em></strong></span> <span class='ocrx_word' id='word_1_178' title='bbox 2125 3232 2441 3296; x_wconf 71' lang='grc' dir='ltr'><strong><em>τίθεσθαι.</em></strong></span> 
     </span>
     <span class='ocr_line' id='line_1_27' title="bbox 700 3314 2383 3427; baseline 0 -48"><span class='ocrx_word' id='word_1_179' title='bbox 700 3319 957 3393; x_wconf 85' lang='grc' dir='ltr'><strong><em>Χαλκὸς</em></strong></span> <span class='ocrx_word' id='word_1_180' title='bbox 998 3319 1113 3403; x_wconf 79' lang='grc' dir='ltr'><strong><em>γὰρ</em></strong></span> <span class='ocrx_word' id='word_1_181' title='bbox 1152 3324 1366 3406; x_wconf 78' lang='grc' dir='ltr'><strong><em>χαλκῶ</em></strong></span> <span class='ocrx_word' id='word_1_182' title='bbox 1407 3321 1791 3400; x_wconf 80' lang='grc' dir='ltr'><strong><em>συμμίξεται,</em></strong></span> <span class='ocrx_word' id='word_1_183' title='bbox 1839 3323 1897 3381; x_wconf 86' lang='grc' dir='ltr'><strong><em>αι</em></strong></span> <span class='ocrx_word' id='word_1_184' title='bbox 1881 3322 2050 3398; x_wconf 88' lang='grc' dir='ltr'><strong><em>ι’ματι</em></strong></span> <span class='ocrx_word' id='word_1_185' title='bbox 2097 3317 2160 3380; x_wconf 78' lang='grc' dir='ltr'><strong><em>δ’</em></strong></span> <span class='ocrx_word' id='word_1_186' title='bbox 2192 3314 2383 3427; x_wconf 81' lang='grc' dir='ltr'><strong><em>’Άρης</em></strong></span> 
     </span>
     <span class='ocr_line' id='line_1_28' title="bbox 581 3395 2363 3486; baseline -0.001 -22"><span class='ocrx_word' id='word_1_187' title='bbox 581 3447 587 3453; x_wconf 83' lang='lat'><em>-</em></span> <span class='ocrx_word' id='word_1_188' title='bbox 705 3400 953 3477; x_wconf 81' lang='grc' dir='ltr'><strong><em>Πόντον</em></strong></span> <span class='ocrx_word' id='word_1_189' title='bbox 996 3404 1268 3486; x_wconf 80' lang='grc' dir='ltr'><strong><em>φοινίξει,</em></strong></span> <span class='ocrx_word' id='word_1_190' title='bbox 1313 3401 1447 3467; x_wconf 71' lang='grc' dir='ltr'><strong><em>τότ’</em></strong></span> <span class='ocrx_word' id='word_1_191' title='bbox 1496 3404 1826 3485; x_wconf 72' lang='grc' dir='ltr'><strong><em>ἐλεύθερον</em></strong></span> <span class='ocrx_word' id='word_1_192' title='bbox 1859 3403 2152 3475; x_wconf 84' lang='grc' dir='ltr'><strong><em>Ἑλλάδος</em></strong></span> <span class='ocrx_word' id='word_1_193' title='bbox 2191 3395 2363 3483; x_wconf 83' lang='grc' dir='ltr'><strong><em>ἦμαρ</em></strong></span> 
     </span>
    </p>

    <p class='ocr_par' dir='ltr' id='par_1_10' title="bbox 702 3485 2250 3574">
     <span class='ocr_line' id='line_1_29' title="bbox 702 3485 2250 3574; baseline 0 -25"><span class='ocrx_word' id='word_1_194' title='bbox 702 3485 1004 3569; x_wconf 84' lang='grc' dir='ltr'><strong><em>Ευρύοπα</em></strong></span> <span class='ocrx_word' id='word_1_195' title='bbox 1045 3491 1357 3574; x_wconf 87' lang='grc' dir='ltr'><strong><em>Κρονίδης</em></strong></span> <span class='ocrx_word' id='word_1_196' title='bbox 1398 3490 1621 3571; x_wconf 79' lang='grc' dir='ltr'><strong><em>επάγει,</em></strong></span> <span class='ocrx_word' id='word_1_197' title='bbox 1666 3514 1767 3551; x_wconf 86' lang='grc' dir='ltr'><strong><em>και</em></strong></span> <span class='ocrx_word' id='word_1_198' title='bbox 1811 3486 2026 3552; x_wconf 89' lang='grc' dir='ltr'><strong><em>πότνια</em></strong></span> <span class='ocrx_word' id='word_1_199' title='bbox 2069 3489 2250 3568; x_wconf 89' lang='grc' dir='ltr'><strong><em>Νί.κη</em></strong></span> 
     </span>
    </p>
   </div>
   <div class='ocr_carea' id='block_1_10' title="bbox 397 3582 2841 4032">
    <p class='ocr_par' dir='ltr' id='par_1_11' title="bbox 397 3582 2841 4032">
     <span class='ocr_line' id='line_1_30' title="bbox 2827 3582 2841 3611; baseline 0 -2"><span class='ocrx_word' id='word_1_200' title='bbox 2827 3582 2841 3611; x_wconf 59' lang='grc' dir='ltr'>ἱ</span> 
     </span>
     <span class='ocr_line' id='line_1_31' title="bbox 397 3632 2740 3725; baseline -0.003 -16"><span class='ocrx_word' id='word_1_201' title='bbox 397 3641 703 3709; x_wconf 89' lang='lat' dir='ltr'>Herodot</span> <span class='ocrx_word' id='word_1_202' title='bbox 748 3642 938 3725; x_wconf 89' lang='lat' dir='ltr'>VIII,</span> <span class='ocrx_word' id='word_1_203' title='bbox 988 3647 1087 3708; x_wconf 89' lang='grc'><strong><em>77.</em></strong></span> <span class='ocrx_word' id='word_1_204' title='bbox 1140 3650 1205 3710; x_wconf 90' lang='lat' dir='ltr'>et</span> <span class='ocrx_word' id='word_1_205' title='bbox 1246 3642 1426 3708; x_wconf 90' lang='lat' dir='ltr'>aliud</span> <span class='ocrx_word' id='word_1_206' title='bbox 1468 3641 1549 3708; x_wconf 87' lang='lat' dir='ltr'>de</span> <span class='ocrx_word' id='word_1_207' title='bbox 1592 3661 1714 3724; x_wconf 92' lang='lat' dir='ltr'><strong><em>quo</em></strong></span> <span class='ocrx_word' id='word_1_208' title='bbox 1760 3642 1914 3707; x_wconf 89' lang='lat' dir='ltr'>dicit</span> <span class='ocrx_word' id='word_1_209' title='bbox 1955 3640 2126 3707; x_wconf 87' lang='lat' dir='ltr'>idem</span> <span class='ocrx_word' id='word_1_210' title='bbox 2170 3640 2361 3722; x_wconf 90' lang='lat' dir='ltr'>VIII,</span> <span class='ocrx_word' id='word_1_211' title='bbox 2407 3641 2510 3705; x_wconf 83' lang='lat'><strong><em>96.</em></strong></span> <span class='ocrx_word' id='word_1_212' title='bbox 2569 3632 2740 3703; x_wconf 77' lang='grc' dir='ltr'><strong><em>ὥστε</em></strong></span> 
     </span>
     <span class='ocr_line' id='line_1_32' title="bbox 401 3737 2740 3835; baseline -0.002 -26"><span class='ocrx_word' id='word_1_213' title='bbox 401 3737 801 3835; x_wconf 76' lang='grc' dir='ltr'><strong><em>άποπλῆσαι</em></strong></span> <span class='ocrx_word' id='word_1_214' title='bbox 856 3743 970 3807; x_wconf 85' lang='grc' dir='ltr'><strong><em>τὸν</em></strong></span> <span class='ocrx_word' id='word_1_215' title='bbox 1028 3742 1319 3826; x_wconf 87' lang='grc' dir='ltr'><strong><em>χρησμὸν</em></strong></span> <span class='ocrx_word' id='word_1_216' title='bbox 1375 3743 1489 3808; x_wconf 84' lang='grc' dir='ltr'><strong><em>τόν</em></strong></span> <span class='ocrx_word' id='word_1_217' title='bbox 1545 3767 1618 3809; x_wconf 81' lang='grc' dir='ltr'><strong><em>τε</em></strong></span> <span class='ocrx_word' id='word_1_218' title='bbox 1675 3740 1876 3808; x_wconf 79' lang='grc' dir='ltr'><strong><em>ἄλλον</em></strong></span> <span class='ocrx_word' id='word_1_219' title='bbox 1935 3741 2156 3808; x_wconf 86' lang='grc' dir='ltr'><strong><em>πάντα</em></strong></span> <span class='ocrx_word' id='word_1_220' title='bbox 2216 3738 2331 3805; x_wconf 87' lang='grc' dir='ltr'><strong><em>τὸν</em></strong></span> <span class='ocrx_word' id='word_1_221' title='bbox 2397 3738 2555 3824; x_wconf 83' lang='grc' dir='ltr'><strong><em>περὶ</em></strong></span> <span class='ocrx_word' id='word_1_222' title='bbox 2616 3741 2740 3828; x_wconf 82' lang='grc' dir='ltr'><strong><em>τῆς</em></strong></span> 
     </span>
     <span class='ocr_line' id='line_1_33' title="bbox 402 3841 2738 3931; baseline -0.001 -21"><span class='ocrx_word' id='word_1_223' title='bbox 402 3849 758 3929; x_wconf 83' lang='grc' dir='ltr'><strong><em>ναυμαχίης</em></strong></span> <span class='ocrx_word' id='word_1_224' title='bbox 829 3842 1067 3931; x_wconf 82' lang='grc' dir='ltr'><strong><em>ταύτης</em></strong></span> <span class='ocrx_word' id='word_1_225' title='bbox 1141 3846 1248 3924; x_wconf 88' lang='lat' dir='ltr'>(de</span> <span class='ocrx_word' id='word_1_226' title='bbox 1318 3867 1537 3930; x_wconf 84' lang='lat' dir='ltr'>pugna</span> <span class='ocrx_word' id='word_1_227' title='bbox 1605 3846 1960 3913; x_wconf 85' lang='lat' dir='ltr'>Salaminia</span> <span class='ocrx_word' id='word_1_228' title='bbox 2029 3844 2328 3926; x_wconf 89' lang='lat' dir='ltr'>loquitur)</span> <span class='ocrx_word' id='word_1_229' title='bbox 2405 3841 2738 3928; x_wconf 79' lang='grc' dir='ltr'><strong><em>εἰρημένον</em></strong></span> 
     </span>
     <span class='ocr_line' id='line_1_34' title="bbox 401 3943 1187 4032; baseline 0 -20"><span class='ocrx_word' id='word_1_230' title='bbox 401 3943 643 4012; x_wconf 89' lang='grc' dir='ltr'><strong><em>Βάκιδι</em></strong></span> <span class='ocrx_word' id='word_1_231' title='bbox 685 3944 796 4012; x_wconf 83' lang='grc' dir='ltr'><strong><em>καὶ</em></strong></span> <span class='ocrx_word' id='word_1_232' title='bbox 833 3951 1187 4032; x_wconf 78' lang='grc' dir='ltr'><strong><em>Μουσαίῳ.</em></strong></span> 
     </span>
    </p>
   </div>
   <div class='ocr_carea' id='block_1_11' title="bbox 401 4118 2739 4439">
    <p class='ocr_par' dir='ltr' id='par_1_12' title="bbox 401 4118 2739 4439">
     <span class='ocr_line' id='line_1_35' title="bbox 1514 4118 1633 4183; baseline -0.008 -1"><span class='ocrx_word' id='word_1_233' title='bbox 1514 4118 1633 4183; x_wconf 88' lang='lat' dir='ltr'><strong><em>III.</em></strong></span> 
     </span>
     <span class='ocr_line' id='line_1_36' title="bbox 572 4245 2739 4335; baseline -0.004 -17"><span class='ocrx_word' id='word_1_234' title='bbox 572 4250 932 4320; x_wconf 83' lang='lat' dir='ltr'>Herodotus</span> <span class='ocrx_word' id='word_1_235' title='bbox 974 4252 1102 4335; x_wconf 88' lang='lat' dir='ltr'><strong><em>IX,</em></strong></span> <span class='ocrx_word' id='word_1_236' title='bbox 1165 4256 1277 4318; x_wconf 81' lang='lat'><strong><em>43:</em></strong></span> <span class='ocrx_word' id='word_1_237' title='bbox 1331 4245 1537 4318; x_wconf 79' lang='grc' dir='ltr'><strong><em>Ἀλλά</em></strong></span> <span class='ocrx_word' id='word_1_238' title='bbox 1593 4249 1677 4317; x_wconf 83' lang='grc' dir='ltr'><strong><em>τὰ</em></strong></span> <span class='ocrx_word' id='word_1_239' title='bbox 1730 4249 1851 4335; x_wconf 75' lang='grc' dir='ltr'><strong><em>μὲν</em></strong></span> <span class='ocrx_word' id='word_1_240' title='bbox 1909 4250 2149 4316; x_wconf 87' lang='grc' dir='ltr'><strong><em>Βάκιδι</em></strong></span> <span class='ocrx_word' id='word_1_241' title='bbox 2209 4249 2274 4328; x_wconf 79' lang='grc' dir='ltr'><strong><em>ἒς</em></strong></span> <span class='ocrx_word' id='word_1_242' title='bbox 2328 4245 2567 4333; x_wconf 83' lang='grc' dir='ltr'><strong><em>ταύτην</em></strong></span> <span class='ocrx_word' id='word_1_243' title='bbox 2624 4246 2739 4331; x_wconf 64' lang='grc' dir='ltr'><strong><em>τὴν</em></strong></span> 
     </span>
     <span class='ocr_line' id='line_1_37' title="bbox 401 4351 1107 4439; baseline -0.001 -20"><span class='ocrx_word' id='word_1_244' title='bbox 401 4351 611 4439; x_wconf 81' lang='grc' dir='ltr'><strong><em>μάχην</em></strong></span> <span class='ocrx_word' id='word_1_245' title='bbox 656 4351 1107 4438; x_wconf 68' lang='grc' dir='ltr'><strong><em>πεποιημέναι</em></strong></span> 
     </span>
    </p>
   </div>
   <div class='ocr_carea' id='block_1_12' title="bbox 3477 3684 3488 4710">
    <p class='ocr_par' dir='ltr' id='par_1_13' title="bbox 3477 3684 3488 4710">
     <span class='ocr_line' id='line_1_38' title="bbox 3477 3684 3488 4710; baseline 0 0"><span class='ocrx_word' id='word_1_246' title='bbox 3477 3684 3488 4710; x_wconf 95' lang='lat' dir='ltr'><strong><em> </em></strong></span> 
     </span>
    </p>
   </div>
   <div class='ocr_carea' id='block_1_13' title="bbox 3475 4008 3487 4918">
    <p class='ocr_par' dir='ltr' id='par_1_14' title="bbox 3475 4008 3487 4918">
     <span class='ocr_line' id='line_1_39' title="bbox 3475 4008 3487 4918; baseline 0 0"><span class='ocrx_word' id='word_1_247' title='bbox 3475 4008 3487 4918; x_wconf 95' lang='lat' dir='ltr'><strong><em> </em></strong></span> 
     </span>
    </p>
   </div>
  </div>
 </body>
</html>
