3499 5219
1265 409 1830 474 -——-229-—-

379 574 600 638 hochst
652 574 1119 638 „collauda-vall!
1203 576 1439 642 Verum
1495 579 1719 661 tragici
1777 578 2046 645 alieuius
2102 599 2245 647 esse
2288 580 2480 646 etiam
2523 581 2593 647 id
2636 581 2720 648 de

379 698 505 762 quo
562 696 767 744 sermo
825 683 923 743 est
978 679 1340 761 exemplum
1384 685 1563 763 patet
1603 699 1685 747 ex
1728 680 2104 747 Philodemo
2147 683 2216 747 in
2258 681 2716 749 Herculanens.

380 780 637 846 Volum.
693 796 857 862 quae
911 786 1250 862 supersunt
1292 779 1454 846 coll.
1498 781 1682 848 alter.
1728 784 1805 848 Τ.
1850 782 1961 848 IV.
2018 805 2081 868 p.
2134 787 2271 850 120.
2328 784 2563 862 (1864).
2652 786 2720 851 Is

378 882 552 949 enim
606 881 777 946 hune
829 898 1082 947 versum
1137 880 1473 966 Sophoclis
1531 902 1674 951 esse
1738 884 1893 951 dieit
1963 906 2232 969 eumque
2301 884 2524 951 laudat
2592 885 2715 953 ita:

377 980 620 1063 Βαρύς,
666 979 870 1064 βαρις
914 978 1233 1059 σύνοικος,
1279 1007 1332 1046 ω
1375 980 1567 1068 ξένοι,
1612 983 1834 1069 βαρύς.
1898 989 2228 1054 Titubavit
2256 986 2465 1054 scriba
2490 996 2717 1071 postea

375 1107 440 1153 v.
488 1090 588 1150 25.
634 1083 969 1151 scribendo
1015 1081 1317 1162 ξένοικος.
2114 1102 2135 1128 ·

943 1458 1513 1563 ντὶ-νεωτέρῳ
1479 1444 1565 1533 :sn
1579 1485 2107 1546 eexemrrlos

944 1566 1402 1666 ΚωοτοΝεξζ.
1393 1575 1628 1636 econ
1641 1556 2069 1645 ττοΕ-ῗΝκλ
2113 1633 2156 1667 42

546 2744 773 2812 Cetera
814 2746 907 2810 sio
948 2727 1219 2809 fortasse
1260 2741 1687 2808 restituenda:
1747 2745 1962 2821 καλῶς
2022 2745 2187 2826 ἔχειν
2243 2736 2286 2829 ἢ
2340 2748 2552 2823 κακῶς
2593 2741 2706 2810 τὸν

373 2833 526 2930 ἦχον
593 2849 804 2912 ποεῖν.
882 2846 1094 2923 καλῶς
1150 2847 1268 2927 μέν
1341 2840 1483 2908 ἐστι
1554 2841 1740 2925 παρὰ
1795 2847 2126 2928 Σοφοκλεῖ
2192 2844 2428 2929 βαρύς,
2501 2844 2706 2930 βαρύς

374 2945 693 3025 σύνοικος,
756 2972 808 3012 ω
853 2945 1044 3025 ξένοι,
1093 2942 1318 3029 βαρύς,
1365 2940 1441 3009 οὗ
1486 2943 1599 3010 διὰ
1640 2945 1757 3030 τὴν
1801 2944 2157 3013 ἐπένθεσιν
2203 2941 2295 3024 οἷς
2336 2971 2510 3036 τινες
2549 2947 2708 3032 βού-

374 3049 601 3115 λονται
642 3049 737 3134 τῷ
780 3045 986 3134 βαρὺς
1028 3045 1346 3123 σύνοικος,
1395 3033 1447 3110 ὦ
1492 3043 1686 3126 ξένοι,
1731 3047 1957 3134 βαρύς,
2000 3047 2221 3131 βαρύς.

544 3151 848 3219 Similiter
887 3149 1158 3216 Philoet.
1206 3151 1401 3214 1045.

902 3246 1103 3356 βαρύς
1144 3273 1207 3312 τε
1252 3272 1351 3310 και
1394 3252 1654 3329 βαρεῖαν
1695 3246 1727 3310 ὃ
1774 3249 1940 3322 ξένος
1982 3249 2170 3332 φάτιν

906 3331 1081 3415 τήνδ’
1129 3329 1271 3396 εἶπε.

459 3444 517 3485 v.
550 3434 642 3485 225
910 3419 1277 3522 οἰκτίσαντες
1320 3412 1520 3523 ἄνδρα
1565 3415 1881 3498 δύστηνον,
1926 3416 2132 3498 μόνον,

910 3502 1135 3588 ἔρημον
1177 3487 1314 3580 ὧδε,
1359 3498 1623 3585 καφιλον
1664 3457 2053 3583 καλούμενον.

544 3624 813 3710 Saepius
855 3630 1164 3691 tentatum
1208 3630 1306 3690 est
1332 3614 1729 3702 καλούμενον
1760 3629 1983 3706 aperte
2016 3622 2267 3704 falsum,
2313 3628 2629 3705 postremo
2663 3643 2708 3688 a

371 3727 654 3812 Bergkio
675 3721 1100 3808 κώλούμενον.
1148 3723 1277 3792 Sed
1295 3743 1427 3790 non
1447 3722 1651 3808 potuit
1670 3723 1961 3791 oblivisci
1981 3723 2262 3790 vulneris
2284 3721 2704 3791 su1Phlloete

373 3836 488 3912 teS,
534 3827 938 3895 scribendum
980 3825 1171 3911 igitur
1210 3825 1463 3892 videtur
1506 3822 1898 3906 κολοὺμενον
1940 3825 2045 3891 vel
2084 3825 2139 3890 si
2168 3823 2375 3889 mavis
2402 3821 2703 3889 κεκολου-

371 3935 567 4013 μένον
610 3928 803 4013 idque
845 3918 1148 4012 tanquam'
1189 3927 1636 4013 gravissimum
1668 3923 2079 3992 infortunium
2108 3923 2325 3990 ultimo
2354 3926 2494 3991 loeo
2523 3926 2705 4009 ponit

373 4032 761 4098 Philoctetes
795 4030 1060 4115 digitum
1092 4029 1435 4097 intendens
1467 4028 1878 4112 posituraque
1910 4047 1952 4092 a
1977 4023 2257 4111 κᾶφιλον
2288 4025 2704 4111 distinguens.

540 4153 601 4198 v.
653 4137 834 4198 1251.
907 4134 1005 4198 Ex
1061 4132 1356 4216 neglecta
1410 4128 1863 4214 stiehomythia
1903 4127 2195 4195 ooneludi
2236 4134 2447 4212 potest
2484 4128 2703 4211 legen·

376 4233 525 4299 dum
569 4254 711 4301 esse
755 4230 864 4311 ξὺν
909 4234 1000 4317 τῷ
1047 4232 1278 4318 δικαίῳ
1319 4233 1485 4312 χειρὶ
1532 4236 1864 4312 πείθομαι
1908 4228 1985 4295 τὸ
2029 4230 2188 4314 δρᾶν
2246 4229 2494 4296 omissis
2537 4248 2703 4311 quae

371 4335 705 4402 interiecta
746 4341 911 4401 sunt.
