3499 5219
1251 409 1595 493 -s305
1682 442 1817 449 —

541 572 915 639 Continetur
955 574 1079 638 hae
1119 575 1535 659 inscriptione
1564 576 1839 659 epistola
1865 574 2184 658 quaedam
2226 577 2463 642 nobilis
2506 577 2711 644 euius·

366 676 518 742 dam
547 676 822 740 Romani
865 674 949 739 ad
996 675 1352 760 συνέδριον.
1418 671 1574 743 Ηοο’
1599 684 1813 743 autem
1855 676 2117 741 nomine
2157 676 2449 760 inprimis
2477 680 2711 744 Roma-

331 794 594 843 'norum
639 754 946 843 Senatum
992 777 1232 844 dixisse
1276 778 1557 844 Graecos
1610 799 1692 844 ex
1733 779 2004 862 Polybio
2062 778 2335 860 aliisque
2390 780 2710 863 scriptori-

368 880 490 945 bus
534 886 821 962 apparet.
910 880 1045 952 Ille,
1075 880 1245 945 enim
1290 881 1341 962 Ι,
1394 885 1465 945 11
1532 878 1668 944 Καὶ
1710 878 1787 942 τὸ
1846 879 1965 959 μὲν
2017 879 2354 962 συνέδριον
2399 874 2546 944 οὐδ’
2614 878 2708 958 εἷς

370 981 557 1056 τέλος
580 977 859 1064 ἐκύρωσε
881 978 996 1065 τὴν
1016 979 1292 1066 γνώμην.
1326 981 1589 1047 Diodor.
1613 1001 1766 1046 vero
1788 981 1955 1046 Bibl.
1980 982 2137 1046 EXO.
2161 980 2305 1046 Vat.
2330 982 2617 1064 XXXII,
2645 987 2704 1048 6.

373 1075 408 1144 ὃ
455 1081 526 1146 δὲ
571 1079 809 1146 Κάτων
854 1078 1309 1167 ἀφηγούμενος
1351 1085 1469 1145 τοῦ
1516 1078 1857 1163 συνεδρίου
1888 1079 1996 1146 καὶ
2042 1081 2300 1147 συνέσει
2347 1083 2700 1168 διαφέρων.

369 1184 584 1262 Quare
636 1185 704 1248 in
759 1184 882 1249 hae
941 1184 1216 1267 epistola
1273 1184 1641 1268 synedrium
1686 1184 1881 1265 illud,
1942 1184 2042 1248 eui
2096 1184 2334 1268 scripta
2378 1192 2493 1269 est,
2541 1186 2703 1251 nihil

367 1305 512 1352 esse
566 1284 747 1350 aliud
810 1286 936 1350 nisi
988 1286 1478 1351 Atheniensium
1534 1287 1841 1353 Senatum
1913 1306 2045 1351 non
2099 1306 2260 1369 opus
2318 1287 2437 1353 erit
2492 1287 2707 1353 multis

371 1388 826 1454 demonstrare.

540 1488 783 1567 Quodsi
825 1508 977 1554 vero
1020 1489 1230 1572 ipsum
1273 1488 1653 1572 aedificium,
1710 1490 1903 1572 quale
1946 1509 2116 1554 nune
2172 1487 2429 1571 quidem
2484 1489 2710 1556 inven-

369 1598 503 1656 tum
547 1598 665 1673 est,
709 1612 839 1655 non
883 1590 1037 1655 satis
1080 1590 1469 1673 respondere
1512 1592 1766 1657 videtur
1807 1590 1933 1656 looi
1974 1590 2351 1672 celebritati,
2398 1592 2704 1674 explicari

365 1692 438 1757 id
481 1693 714 1777 poterit
755 1713 836 1758 ex
864 1693 1259 1758 Athenarum
1301 1691 1573 1773 fortuna,
1619 1713 1811 1775 quam
1853 1692 2246 1775 temporibus
2274 1693 2705 1757 Romanorum

369 1814 715 1878 perpessae
744 1800 911 1858 sunt.
958 1794 1204 1860 Scimus
1236 1795 1405 1859 enim
1436 1796 1508 1860 L.
1534 1793 1900 1858 Cornelium
1925 1792 2170 1858 Sullam
2202 1813 2392 1874 quum
2412 1794 2705 1861 Athenas

367 1896 727 1961 obsedisset
755 1897 838 1960 ab
882 1896 1025 1978 ipsa
1054 1897 1176 1961 hae
1218 1902 1401 1979 parte
1443 1896 1619 1961 urbis
1661 1915 1778 1979 per
1808 1895 2313 1977 Heptaohaloum
2343 1896 2437 1961 sie
2467 1895 2705 1960 dietum

367 1998 625 2063 irruisse
669 2017 811 2061 oum
854 1997 1052 2080 copiis
1094 2017 1522 2080 magnamque
1563 1996 1791 2063 fecisse
1836 2003 2114 2079 stragem
2159 2003 2223 2061 et
2273 1995 2704 2062 aedificiorum

363 2106 433 2165 et
475 2100 820 2163 hominum.
908 2099 1141 2164 Postea
1196 2119 1386 2182 quum
1441 2097 1953 2164 reaedificaretur
2007 2098 2181 2163 ouria
2237 2098 2560 2163 festinatio
2618 2097 2706 2164 fe·

365 2201 530 2266 eisse
571 2200 840 2283 videtur,
886 2208 954 2265 ut
995 2201 1350 2285 promiscue
1407 2222 1567 2266 saxa
1610 2201 2068 2281 materiamque
2111 2199 2553 2264 circumfusam
2595 2199 2709 2264 ad·

367 2303 679 2397 biberent.
2475 2306 2479 2309 “

474 4453 759 4495 Gom-‘mmo
772 4485 783 4502 ‚
810 4455 1027 4506 opuscula.
2245 4453 2311 4502 20
