3499 5219
1690 408 1823 415 ——-
1909 371 2031 433 218
2124 405 2253 411 --—-

803 569 933 614 non
979 549 1075 611 est
1115 545 1224 608 ita.
1298 544 1521 607 Totius
1567 543 1734 607 enim
1780 542 1873 606 rei
1916 541 2130 622 cardo,
2178 540 2257 606 de
2302 562 2426 623 quo
2471 549 2641 609 tacet
2671 544 2959 625 Iacobus,
3005 566 3125 611 ver·
3192 552 3203 558 ’

802 650 954 714 titur
994 649 1061 713 in
1102 668 1290 714 versu
1321 649 1475 711 876:
1524 638 1637 709 οῧκ
1685 636 1823 708 ἴστ’
1874 639 2161 725 ἀδελφὸς
2207 638 2389 710 ὅστις
2435 636 2512 707 ἂν
2556 645 2912 725 βλάστοι
2959 652 3123 712 ποτέ.

803 752 988 832 Quod
1050 751 1285 816 dictum
1343 748 1738 831 aptissimum
1800 753 1895 812 est
1952 747 2358 830 Intaphernis
2432 748 2640 826 uxori,
2716 769 2880 830 quae
2953 769 3128 832 quum

803 855 974 939 optio
1020 854 1080 919 ei
1124 853 1278 917 data
1319 857 1490 916 esset
1531 870 1572 914 a
1615 856 1817 914 morte
1862 849 2273 911 conservandi
2310 851 2415 914 vel
2458 852 2753 915 maritum
2797 853 2902 917 vel
2946 852 3126 916 filium

800 957 904 1022 vel
950 956 1228 1035 fratrem,
1285 953 1757 1037 sapientissime
1798 952 2202 1034 praeoptavit
2242 951 2521 1033 fratrem,
2575 954 2682 1034 qui
2725 955 2827 1018 vel
2876 974 3015 1019 eam
3057 956 3128 1019 ob

800 1078 1058 1124 causam
1101 1055 1577 1122 conservandus
1621 1060 1788 1135 erat,
1848 1071 1930 1118 ne
1973 1060 2108 1117 tota
2149 1053 2351 1136 ipsius
2394 1074 2554 1136 gens
2596 1039 2914 1136 interiret,
2974 1056 3169 1138 quod·

798 1159 1301 1227 infelicissimum
1373 1156 1717 1240 putabatur
1781 1174 1940 1221 esse.
2042 1156 2251 1237 Atque
2307 1156 2540 1221 Darius
2614 1157 2753 1240 ipse
2822 1159 3135 1223 intellexit

800 1266 1036 1347 optime
1107 1261 1417 1326 rationem
1489 1258 1772 1323 mulieris
1842 1257 2295 1342 probissimae3
2378 1259 2768 1324 condonavit
2842 1261 3011 1324 enim
3083 1262 3137 1325 ei

761 1444 765 1446 Δ
798 1372 1051 1450 praeter
1090 1364 1346 1428 fratrem
1392 1357 1582 1426 etiam
1625 1359 1826 1424 filium
1868 1367 2025 1424 natu
2068 1359 2435 1424 maximum.
2512 1361 2588 1424 In
2632 1361 2913 1426 barbara
2954 1363 3139 1443 igitur

796 1469 1063 1534 muliere
1119 1472 1188 1529 ut
1241 1471 1375 1528 tot-a
1428 1461 1708 1527 conditio
1768 1460 2024 1526 diversa
2080 1460 2163 1525 ab
2222 1462 2590 1526 conditione
2633 1464 2999 1545 Antigonae
3054 1466 3140 1528 ita

797 1570 1128 1635 consilium
1173 1564 1581 1628 conservandi
1617 1564 1831 1629 fratris
1874 1564 2152 1648 maxime
2180 1562 2509 1629 laudabile
2539 1573 2654 1630 est.
2728 1565 2899 1645 Quid
2930 1575 3139 1632 autem

795 1672 1121 1753 Antigona
1150 1667 1323 1751 apud
1354 1664 1785 1750 Sophoclem?
1842 1666 2012 1729 Dicit
2039 1665 2453 1749 sepeliendum
2483 1666 2604 1731 sibi
2636 1668 2830 1732 fuisse
2862 1668 3137 1749 fratrem,

794 1774 963 1858 quod
1021 1771 1282 1836 mortuis
1340 1769 1467 1833 iam
1527 1767 1932 1851 parentibus,
1999 1767 2212 1832 nullus
2267 1767 2462 1832 frater
2519 1768 2641 1833 sibi
2697 1771 2875 1831 nasei
2921 1771 3135 1853 possit.

792 1878 878 1943 At
919 1895 1072 1940 vero
1114 1874 1237 1937 hoc
1282 1877 1725 1952 argumentum
1770 1888 2028 1953 prorsus
2073 1875 2169 1935 est
2212 1869 2558 1934 absurdum
2617 1872 2786 1953 quod
2847 1892 2922 1936 eo
2970 1873 3137 1955 quod

792 1977 1083 2044 humavit
1157 1974 1413 2038 fratrem
1487 1991 1619 2037 non
1695 1972 2098 2054 recuperabit
2169 1971 2442 2036 eundem
2513 1980 2820 2056 tanquam
2897 1975 3136 2039 Peliam

795 2082 1067 2145 alterum
1122 2081 1468 2141 recoctura.
1562 2073 1742 2152 Quae
1798 2073 1989 2156 igitur
2041 2073 2147 2137 hic
2203 2073 2443 2139 dixisse
2499 2074 2756 2157 fingitur
2812 2077 3135 2157 Antigona

793 2188 863 2247 ut
903 2184 1277 2262 recuperato
1323 2177 1629 2261 Polynice
1682 2177 1833 2241 vivo
1889 2176 2217 2259 aptissime
2276 2174 2446 2241 dicta
2496 2186 2712 2242 essent
2752 2179 2844 2242 ita
2891 2185 3131 2242 mortuo

791 2285 919 2349 iam
977 2282 1200 2359 fratre,
1271 2298 1481 2361 neque
1538 2279 1670 2343 ullo
1728 2278 1920 2343 modo
1978 2277 2447 2361 recuperande,
2506 2279 2909 2361 ineptissima
2970 2289 3130 2347 sunt.

792 2386 910 2466 At,
984 2380 1190 2465 inquit
1248 2380 1512 2463 aliquis,
1576 2380 1840 2444 moritur
1881 2379 2207 2462 Antigona·
2263 2380 2379 2444 tali
2436 2380 2631 2445 fratre
2689 2401 2818 2446 non
2879 2404 3130 2466 prorsus

753 2559 758 2563 ⁴
793 2487 1050 2565 orbata,
1109 2483 1346 2549 reviset
1389 2483 1559 2548 enim
1605 2502 1779 2563 eum,
1833 2481 1932 2546 cui
1975 2500 2044 2546 se
2089 2481 2436 2546 devoverat
2480 2483 2891 2567 sepeliundo,
2945 2505 3132 2567 quum

792 2587 877 2654 ad
920 2586 1157 2653 inferos
1200 2583 1582 2669 pervenerit.
1646 2583 1800 2668 Ipsa
1845 2583 2015 2649 enim
2057 2583 2242 2649 dicit:
2292 2584 2449 2668 φίλη
2499 2586 2601 2649 σοὶ
2647 2580 2802 2668 ἥκω,
2853 2574 2905 2649 «3
2951 2593 3133 2651 κασί-

790 2713 1022 2773 γνητον
1076 2686 1261 2771 κάρα.
1353 2687 1445 2752 Of.
1491 2707 1552 2751 v.
1603 2690 1680 2749 72
1725 2705 1818 2768 sq.
1907 2687 2135 2751 Audio.
2226 2687 2354 2752 Sed
2413 2689 2649 2754 reviset
2709 2690 2904 2754 etiam
2949 2691 3131 2756 Eteo-

791 2793 954 2858 clem
998 2811 1190 2873 quum
1234 2789 1319 2855 ad
1360 2789 1627 2857 meliora
1669 2795 1816 2872 post
1857 2795 2124 2855 mortem
2169 2789 2529 2873 profectura
2574 2797 2672 2856 est
2699 2810 2911 2874 neque
2941 2792 3131 2857 fratre

790 2896 921 2960 ullo
965 2891 1156 2957 modo
1199 2893 1290 2957 ita
1334 2892 1575 2956 carebit
1616 2898 1884 2956 mortua.
1959 2890 2170 2970 Quare
2212 2912 2344 2956 non
2386 2891 2596 2957 minus
2640 2893 2919 2958 absurde
2964 2893 3131 2959 dicta

790 3003 939 3064 sunt
979 2997 1095 3060 illa
1139 2988 1253 3057 οἰκ
1298 2986 1438 3058 ἔστ’
1497 2985 1786 3077 ἀδελφὸς
1847 2986 2030 3067 ὅστις
2089 2985 2168 3056 ἂν
2225 2992 2505 3074 βλάστοι
2567 2998 2763 3072 ποτέ,
2827 3016 2991 3078 quae
3052 2997 3131 3061 de

788 3101 927 3162 vivo
972 3116 1174 3180 eoque
1219 3096 1405 3161 unico
1449 3095 1642 3161 fratre
1686 3096 1923 3179 optime
1966 3096 2427 3179 intelliguntur,
2476 3096 2556 3163 de
2599 3107 2864 3169 mortuo,
2926 3118 3131 3180 neque

789 3201 974 3266 unico
1020 3220 1127 3280 ec,
1172 3219 1304 3264 non
1347 3204 1496 3263 sunt
1537 3198 1931 3279 tolerabilia,
1991 3218 2124 3262 non
2169 3198 2337 3280 quod
2379 3207 2606 3281 arguta
2647 3200 2806 3280 sint,
2869 3206 2938 3263 ut
2981 3199 3133 3265 dicit

790 3301 1130 3381 Goethius,
1192 3299 1309 3365 sed
1356 3298 1526 3381 quod
1570 3319 1732 3366 sana
1776 3299 2094 3365 sententia
2138 3319 2396 3383 prorsus
2440 3308 2677 3366 carent.
2768 3300 2899 3366 Sed
2957 3321 3129 3366 acce-

792 3404 949 3469 dunt
992 3404 1123 3467 alia
1165 3407 1558 3484 argumenta,
1605 3402 1877 3466 alterum
1921 3421 2043 3484 quo
2074 3409 2244 3467 recte
2275 3422 2424 3467 usus
2455 3411 2551 3468 est
2582 3403 3126 3485 Schneidewinus,

786 3506 1179 3588 Antigonam
1238 3504 1320 3570 de
1376 3503 1560 3569 tertio
1621 3503 1816 3569 fratre
1876 3523 1957 3569 ex
2011 3503 2274 3591 incestu,
2310 3502 2660 3588 Oedipodis
2719 3512 2782 3570 et
2843 3506 3128 3571 Iocastae

787 3608 895 3674 vel
952 3613 1178 3691 postea
1233 3604 1558 3688 gignendo
1616 3626 1700 3672 ne
1757 3607 2041 3689 potuisse
2099 3605 2355 3688 quidem
2415 3607 2693 3688 cogitare
2752 3628 2943 3690 quum
2987 3609 3128 3691 ipsa

788 3709 1058 3775 dixisset
1114 3714 1306 3775 antea
1364 3713 1447 3784 (v.
1494 3710 1617 3774 830
1667 3710 1788 3790 sq.)
1850 3706 1928 3772 ιἰὺ
1988 3710 2291 3791 ματρῷαι
2349 3709 2627 3790 λέκτρων
2688 3697 2842 3773 ἆται
2899 3708 3128 3797 κοιμή-

786 3808 964 3894 ματά
1012 3802 1076 3873 τ’
1143 3801 1554 3892 αὐτογέννητ’
1620 3807 1755 3893 ἐμῷ
1816 3811 2017 3892 πατρὶ
2081 3805 2412 3893 δυσμόρου
2471 3810 2721 3893 ματρὸς
2783 3811 2942 3876 οἵων
3003 3810 3124 3895 ἐγώ

785 4072 1068 4132 iuramento
1103 4081 1407 4146 obstringit,
1456 4097 1508 4130 se
1542 4079 1686 4131 Iolen
1725 4081 1886 4145 patris
1934 4080 2167 4146 pellicem
2218 4082 2274 4132 in
2322 4082 2617 4148 coniugium
2662 4087 3014 4150 accepturum,
3065 4085 3126 4136 de

788 4180 886 4231 quo
932 4164 1044 4215 loco
1091 4166 1192 4216 alio
1239 4171 1460 4231 tempore
1508 4165 1791 4216 videbimus
1840 4166 1963 4232 quid
2011 4168 2334 4217 statuendum
2387 4168 2471 4219 sit.
2551 4169 2839 4221 Excusatur
2886 4170 3019 4220 enim
3069 4186 3126 4222 eo

734 4281 739 4287 -
785 4251 918 4315 quod
953 4250 1198 4301 Hercules
1245 4251 1432 4300 relatus
1484 4256 1560 4300 est
1604 4251 1659 4300 in
1707 4250 1841 4302 deos.
1913 4252 2160 4302 Similiter
2207 4253 2408 4313 Iasion,
2461 4253 2597 4304 filius
2636 4255 2799 4315 Iovis,
2848 4255 2905 4306 in
2950 4256 3125 4306 matri-

784 4336 1009 4386 monium
1045 4337 1188 4386 ducit
1222 4335 1467 4397 Cererem,
1500 4351 1628 4400 quae
1664 4351 1724 4386 ex
1758 4336 1878 4387 Iove
1912 4337 2267 4403 Proserpinam
2305 4343 2583 4406 pepererat.

3166 4814 3173 4835 ,Ι

3170 4888 3171 4897 ,

3168 4934 3169 4941 ,

1827 5142 1831 5151 «

3112 5160 3117 5173 1
3144 5158 3149 5169 Ι

1089 5199 1104 5219 ἶ
1209 5200 1220 5201 v
1261 5200 1270 5203 v
1299 5199 1546 5213 Hflffl
