3499 5219
1304 394 1868 454 —161—

412 558 592 621 Haec
637 563 853 621 tamen
898 579 982 622 an
1027 558 1390 641 pertineant
1432 558 1518 622 ad
1564 559 1871 625 Catonem
1926 561 2134 643 ipsum
2179 580 2260 625 ex
2305 561 2500 627 Gellii
2540 563 2755 629 verbis

411 679 547 723 non
590 660 786 741 plane
831 661 1054 725 elucet.
2648 742 2653 748 .

589 761 698 824 VI.
771 761 1244 847 Impude‘ez’tiam.
1349 763 1525 827 Haec
1583 762 1667 827 ad
1728 763 1854 827 duo
1916 766 2214 847 exempla
2282 767 2486 831 relata
2559 773 2656 831 est
2714 787 2757 832 a

417 861 487 926 C.
522 862 813 928 Caesare.
888 864 1099 927 Vnum
1142 863 1227 928 ad
1265 863 1603 929 Serviliam
1646 864 1939 950 viduam,
1989 886 2266 932 sororem
2311 865 2573 933 Catonis
2615 888 2758 933 cum

417 985 545 1045 qua
588 964 775 1030 foede
818 966 1055 1030 vixisse
1100 965 1445 1030 dicebatur.
1518 967 1683 1031 Plut.
1718 965 1854 1030 Cat.
1887 968 2038 1032 Min.
2087 974 2199 1033 54:
2247 961 2383 1032 ἀλλ’
2435 963 2544 1052 ὅγε
2588 973 2759 1035 Καῖ-

419 1089 547 1149 σαρ
610 1061 761 1130 οὐδὲ
819 1068 949 1129 τῶν
996 1059 1106 1129 ἐπ’
1164 1065 1367 1150 ἐκείνῃ
1412 1065 1854 1151 βλασφημιῶν
1898 1072 2013 1131 τοῦ
2066 1068 2376 1147 Κάτωνος
2421 1068 2755 1157 ἐφείσατο,

415 1188 608 1233 1101110
682 1175 894 1232 autem
967 1176 1222 1251 praeter
1293 1169 1629 1234 Caesarem
1704 1169 1865 1235 dixit
1924 1169 2231 1236 Catonem
2288 1156 2430 1237 cum
2486 1172 2760 1239 Servilia

418 1272 876 1335 contumeliose
930 1271 1200 1353 vixisse,
1275 1272 1544 1335 alterum
1599 1270 1686 1335 ad
1741 1272 2044 1336 Marciam
2109 1275 2443 1357 coniugem
2501 1274 2759 1340 Catonis

418 1373 724 1454 pertinet,
782 1392 973 1453 quam
1016 1374 1280 1437 maritus
1324 1373 1713 1438 concessisse
1758 1374 2097 1440 Hortensio
2144 1376 2472 1441 dicebatur
2514 1378 2758 1460 petenti

418 1480 489 1537 ut
544 1474 781 1538 liberos
840 1494 919 1538 ex
979 1494 1057 1538 ea
1113 1494 1418 1555 quaerere
1475 1474 1597 1538 sibi
1654 1475 1901 1557 liceret,
1969 1483 2114 1559 post
2166 1484 2434 1542 mortem
2492 1479 2759 1543 oratoris

420 1581 634 1639 autem
696 1574 903 1640 denuo
964 1576 1282 1659 recepisse
1338 1577 1404 1639 in
1462 1576 1934 1641 matrimonium
2001 1578 2187 1656 (Plut.
2247 1578 2382 1644 Cat.
2442 1580 2592 1643 Min.
2654 1581 2759 1656 52)

422 1696 689 1758 eamque
733 1676 1033 1742 heredem
1078 1678 1418 1742 Hortensii.
1505 1676 1610 1741 Ad
1653 1677 1822 1742 hanc
1865 1699 1999 1743 rem
2042 1680 2336 1763 pertinet,
2382 1681 2508 1745 nisi
2549 1681 2757 1761 fallor,

321 1806 327 1813 ·
422 1777 595 1859 quod
637 1798 718 1842 ex
761 1779 1142 1843 Anticatone
1185 1779 1447 1861 protulit
1489 1779 1852 1843 Priscianus
1895 1781 2100 1845 Instit.
2132 1781 2241 1863 VI,
2289 1786 2368 1846 35
2400 1782 2484 1847 al.
2561 1781 2760 1864 „Cae-

420 1900 527 1944 sar
569 1880 637 1943 in
674 1880 1055 1944 Anticatone
1098 1880 1385 1962 priore:“
1430 1900 1555 1945 uno
1600 1880 1771 1946 enim
1815 1888 2101 1965 exceptO,
2147 1903 2334 1965 quem
2377 1884 2543 1949 alius
2586 1882 2763 1948 modi

421 1989 614 2063 atque
659 1988 883 2062 omnis,
929 1989 1158 2046 natura
1200 1980 1397 2063 finxit,
1445 2002 1591 2047 suos
1622 1983 1888 2065 quisque
1918 1984 2113 2049 habet
2143 1985 2387 2050 caros.“
2455 1984 2761 2050 Catonem

420 2084 612 2164 igitur
652 2082 906 2147 videtur
950 2083 1188 2148 dixisse
1233 2104 1379 2149 suos
1425 2085 1488 2163 (i.
1521 2104 1574 2149 e.
1606 2083 1895 2167 inprimis
1925 2085 2252 2162 Marciam)
2296 2107 2417 2149 non
2461 2086 2764 2153 habuisse

424 2205 603 2250 caros
644 2185 917 2266 ideoque
960 2186 1283 2250 hominem
1325 2184 1520 2250 fuisse
1571 2186 1767 2248 omnis
1811 2187 2093 2247 caritatis
2136 2198 2199 2248 ec
2234 2189 2490 2271 pietatis
2534 2209 2762 2273 exper-

426 2296 562 2347 tem.
664 2288 765 2351 De
808 2287 1046 2350 Marcia
1100 2307 1186 2350 an
1238 2288 1508 2352 honeste
1563 2287 1644 2352 sit
1699 2286 1932 2351 factum
1991 2294 2054 2351 et
2111 2286 2339 2353 decore
2384 2288 2603 2354 dubito
2648 2289 2765 2355 sed

423 2389 800 2470 permissum
828 2387 898 2452 id
929 2395 1065 2452 erat
1093 2389 1374 2454 moribus
1401 2390 1831 2453 Romanorum
1864 2387 2115 2465 (Strabo
2147 2388 2301 2454 Geo.
2334 2390 2451 2472 XI,
2498 2412 2561 2474 p.
2592 2394 2761 2471 515),

424 2491 479 2553 si
521 2489 912 2572 repudium¹)
957 2490 1025 2555 in
1065 2490 1238 2555 hunc
1280 2489 1469 2555 finem
1514 2489 1736 2554 fuisset
1773 2495 2154 2554 anteactum.
2229 2491 2501 2574 Saepius
2547 2498 2763 2557 tamen

422 2593 582 2657 haec
627 2592 913 2673 quaestio
946 2591 1302 2657 Catoniana
1344 2593 1596 2676 agitata·
1629 2598 1728 2657 est
1768 2590 1836 2655 in
1867 2592 2102 2658 scholis
2131 2594 2472 2658 rhetorum.
2549 2593 2762 2673 Quint.

423 2695 580 2759 Inst.
627 2694 709 2775 X,
760 2699 816 2757 5.
899 2692 1048 2756 Cato
1103 2694 1412 2756 Marciam
1467 2693 1797 2756 honestene
1849 2694 2190 2756 tradiderit
2227 2696 2626 2778 Hortensio,
2672 2702 2764 2761 et:

430 2794 842 2859 Convem'atne
898 2817 1002 2857 res
1059 2796 1202 2857 talis
1260 2794 1415 2857 bono
1474 2792 1653 2857 viro?
1740 2794 1833 2859 Cf.
1878 2795 2010 2876 III,
2073 2802 2130 2860 5.
2231 2797 2436 2862 Aliter
2505 2796 2584 2862 de
2645 2796 2767 2861 hac

423 2917 493 2961 re
548 2897 856 2961 iudicavit
910 2897 1205 2961 Lucanus
1262 2897 1483 2961 Phars.
1542 2897 1638 2977 II,
1700 2899 1822 2961 338
1880 2898 1988 2978 qui
2043 2898 2385 2964 introducit
2442 2899 2762 2980 Marciam,

426 2998 1013 3063 obedientissimam
1058 2996 1303 3079 Catoni,
1351 2998 1442 3063 sic
1486 2997 1838 3063 dicentem:

798 3138 956 3194 Dum
1000 3135 1241 3211 sanguis
1283 3135 1494 3212 inerat,
1540 3135 1679 3195 dum
1720 3136 1811 3195 vis
1854 3139 2139 3212 materna,
2183 3135 2393 3210 peregi

792 3222 990 3293 Iussa,
1042 3221 1207 3297 Cato,
1255 3225 1312 3279 et
1355 3220 1618 3296 geminos
1663 3221 1874 3297 excepi
1915 3220 2076 3280 foeta
2118 3220 2373 3279 maritos

427 3365 492 3421 et
536 3364 760 3438 postea
805 3359 925 3420 388
975 3354 1053 3419 de
1098 3355 1370 3419 Catone:

1237 3492 1608 3567 Venerisque
1651 3490 1788 3549 huic
1832 3490 2114 3549 maximus
2158 3509 2298 3549 usus

799 3578 1153 3652 Proqenies‘,
1201 3578 1336 3637 urbi
1375 3581 1549 3654 pater
1595 3577 1703 3653 est,
1747 3576 2002 3652 urbique
2046 3577 2303 3634 maritus.

563 3832 598 3895 ¹)
636 3831 821 3881 Tamen
859 3833 1133 3883 secundum
1168 3831 1346 3882 Isidor.
1385 3830 1466 3878 Or.
1503 3829 1593 3893 IX,
1634 3831 1681 3881 8.
1730 3829 1948 3894 posteris
1989 3826 2298 3891 temporibus
2334 3826 2589 3876 eiusmodi
2623 3843 2769 3891 repu-

429 3916 570 3964 dium
606 3915 867 3965 dicebatur
888 3919 1140 3983 srz‘volum.
1203 3915 1492 3978 „Frivolum
1530 3917 1606 3962 est
1639 3929 1793 3977 quum
1830 3928 1887 3963 eo
1922 3912 2093 3961 animo
2129 3915 2441 3976 separantur,
2478 3915 2538 3961 ut
2570 3927 2769 3961 rursum

430 4002 494 4050 ad
530 4017 581 4050 se
616 4001 831 4049 invicem
868 4007 1183 4051 revertantur
1209 4003 1295 4062 (sc.
1319 3998 1523 4049 meliore
1549 3999 1785 4054 fortuna).
1834 3998 1964 4047 Nam
2001 3996 2230 4045 frivolum
2270 4000 2345 4046 est
2378 3995 2525 4045 velut
2561 4011 2770 4059 quassae

430 4085 613 4135 mentis
650 4090 699 4135 et
734 4085 943 4134 effluxae
979 4103 1071 4135 nec
1109 4084 1321 4135 stabilis.
1370 4084 1579 4149 Proprie
1617 4087 1783 4131 autem
1821 4081 2001 4131 frivola
2036 4085 2216 4129 vocant
2250 4080 2431 4130 fictilia
2458 4095 2577 4129 vasa
2610 4079 2769 4127 inuti-

429 4171 558 4220 lia.“
624 4169 768 4219 Certe
819 4170 877 4220 de
913 4171 1193 4237 friyuseulo
1242 4168 1453 4233 quodam
1501 4182 1604 4216 non
1654 4166 1980 4231 cogitandum
2028 4171 2116 4215 est.
2190 4164 2421 4215 Ceterum
2469 4164 2529 4214 de
2575 4163 2770 4212 Marcia

437 4255 545 4304 dixi
579 4256 772 4304 Histor.
810 4256 871 4306 R.
909 4256 962 4304 P.
1001 4256 1059 4303 R.
1096 4270 1145 4320 p.
1183 4256 1265 4307 96.
1336 4252 1574 4302 Defendit
1609 4250 1846 4308 Catonem
1885 4250 2038 4299 etiam
2073 4251 2440 4315 Monte-§quiens
2489 4246 2649 4313 esprit
2684 4249 2768 4298 den

438 4340 571 4389 Loix
606 4340 666 4390 L.
703 4339 891 4398 XXVI,
933 4341 1006 4390 18.

544 4431 823 4472 Gom-'rmus
836 4462 845 4479 ‚
873 4431 1087 4482 opuscula.
2301 4420 2359 4469 11
